%YAML 1.1
%TAG !u! tag:unity3d.com,2011:
--- !u!29 &1
OcclusionCullingSettings:
  m_ObjectHideFlags: 0
  serializedVersion: 2
  m_OcclusionBakeSettings:
    smallestOccluder: 5
    smallestHole: 0.25
    backfaceThreshold: 100
  m_SceneGUID: 00000000000000000000000000000000
  m_OcclusionCullingData: {fileID: 0}
--- !u!104 &2
RenderSettings:
  m_ObjectHideFlags: 0
  serializedVersion: 9
  m_Fog: 0
  m_FogColor: {r: 0.5, g: 0.5, b: 0.5, a: 1}
  m_FogMode: 3
  m_FogDensity: 0.01
  m_LinearFogStart: 0
  m_LinearFogEnd: 300
  m_AmbientSkyColor: {r: 0.212, g: 0.227, b: 0.259, a: 1}
  m_AmbientEquatorColor: {r: 0.114, g: 0.125, b: 0.133, a: 1}
  m_AmbientGroundColor: {r: 0.047, g: 0.043, b: 0.035, a: 1}
  m_AmbientIntensity: 1
  m_AmbientMode: 3
  m_SubtractiveShadowColor: {r: 0.42, g: 0.478, b: 0.627, a: 1}
  m_SkyboxMaterial: {fileID: 0}
  m_HaloStrength: 0.5
  m_FlareStrength: 1
  m_FlareFadeSpeed: 3
  m_HaloTexture: {fileID: 0}
  m_SpotCookie: {fileID: 10001, guid: 0000000000000000e000000000000000, type: 0}
  m_DefaultReflectionMode: 0
  m_DefaultReflectionResolution: 128
  m_ReflectionBounces: 1
  m_ReflectionIntensity: 1
  m_CustomReflection: {fileID: 0}
  m_Sun: {fileID: 0}
  m_IndirectSpecularColor: {r: 0, g: 0, b: 0, a: 1}
  m_UseRadianceAmbientProbe: 0
--- !u!157 &3
LightmapSettings:
  m_ObjectHideFlags: 0
  serializedVersion: 11
  m_GIWorkflowMode: 1
  m_GISettings:
    serializedVersion: 2
    m_BounceScale: 1
    m_IndirectOutputScale: 1
    m_AlbedoBoost: 1
    m_EnvironmentLightingMode: 0
    m_EnableBakedLightmaps: 0
    m_EnableRealtimeLightmaps: 0
  m_LightmapEditorSettings:
    serializedVersion: 12
    m_Resolution: 2
    m_BakeResolution: 40
    m_AtlasSize: 1024
    m_AO: 0
    m_AOMaxDistance: 1
    m_CompAOExponent: 1
    m_CompAOExponentDirect: 0
    m_ExtractAmbientOcclusion: 0
    m_Padding: 2
    m_LightmapParameters: {fileID: 0}
    m_LightmapsBakeMode: 1
    m_TextureCompression: 1
    m_FinalGather: 0
    m_FinalGatherFiltering: 1
    m_FinalGatherRayCount: 256
    m_ReflectionCompression: 2
    m_MixedBakeMode: 2
    m_BakeBackend: 1
    m_PVRSampling: 1
    m_PVRDirectSampleCount: 32
    m_PVRSampleCount: 512
    m_PVRBounces: 2
    m_PVREnvironmentSampleCount: 256
    m_PVREnvironmentReferencePointCount: 2048
    m_PVRFilteringMode: 1
    m_PVRDenoiserTypeDirect: 1
    m_PVRDenoiserTypeIndirect: 1
    m_PVRDenoiserTypeAO: 1
    m_PVRFilterTypeDirect: 0
    m_PVRFilterTypeIndirect: 0
    m_PVRFilterTypeAO: 0
    m_PVREnvironmentMIS: 1
    m_PVRCulling: 1
    m_PVRFilteringGaussRadiusDirect: 1
    m_PVRFilteringGaussRadiusIndirect: 5
    m_PVRFilteringGaussRadiusAO: 2
    m_PVRFilteringAtrousPositionSigmaDirect: 0.5
    m_PVRFilteringAtrousPositionSigmaIndirect: 2
    m_PVRFilteringAtrousPositionSigmaAO: 1
    m_ShowResolutionOverlay: 1
    m_ExportTrainingData: 0
  m_LightingDataAsset: {fileID: 0}
  m_UseShadowmask: 1
--- !u!196 &4
NavMeshSettings:
  serializedVersion: 2
  m_ObjectHideFlags: 0
  m_BuildSettings:
    serializedVersion: 2
    agentTypeID: 0
    agentRadius: 0.5
    agentHeight: 2
    agentSlope: 45
    agentClimb: 0.4
    ledgeDropHeight: 0
    maxJumpAcrossDistance: 0
    minRegionArea: 2
    manualCellSize: 0
    cellSize: 0.16666667
    manualTileSize: 0
    tileSize: 256
    accuratePlacement: 0
    debug:
      m_Flags: 0
  m_NavMeshData: {fileID: 0}
--- !u!1001 &12119416
PrefabInstance:
  m_ObjectHideFlags: 0
  serializedVersion: 2
  m_Modification:
    m_TransformParent: {fileID: 0}
    m_Modifications:
    - target: {fileID: 6001013765091654420, guid: 32328ae0d19f1bf44b811d6efa457c56,
        type: 3}
      propertyPath: m_Name
      value: LightPanel
      objectReference: {fileID: 0}
    - target: {fileID: 6001013765091654411, guid: 32328ae0d19f1bf44b811d6efa457c56,
        type: 3}
      propertyPath: m_LocalPosition.x
      value: -8.679
      objectReference: {fileID: 0}
    - target: {fileID: 6001013765091654411, guid: 32328ae0d19f1bf44b811d6efa457c56,
        type: 3}
      propertyPath: m_LocalPosition.y
      value: 0.315
      objectReference: {fileID: 0}
    - target: {fileID: 6001013765091654411, guid: 32328ae0d19f1bf44b811d6efa457c56,
        type: 3}
      propertyPath: m_LocalPosition.z
      value: 0
      objectReference: {fileID: 0}
    - target: {fileID: 6001013765091654411, guid: 32328ae0d19f1bf44b811d6efa457c56,
        type: 3}
      propertyPath: m_LocalRotation.x
      value: -0
      objectReference: {fileID: 0}
    - target: {fileID: 6001013765091654411, guid: 32328ae0d19f1bf44b811d6efa457c56,
        type: 3}
      propertyPath: m_LocalRotation.y
      value: -0
      objectReference: {fileID: 0}
    - target: {fileID: 6001013765091654411, guid: 32328ae0d19f1bf44b811d6efa457c56,
        type: 3}
      propertyPath: m_LocalRotation.z
      value: 0.707106
      objectReference: {fileID: 0}
    - target: {fileID: 6001013765091654411, guid: 32328ae0d19f1bf44b811d6efa457c56,
        type: 3}
      propertyPath: m_LocalRotation.w
      value: -0.7071076
      objectReference: {fileID: 0}
    - target: {fileID: 6001013765091654411, guid: 32328ae0d19f1bf44b811d6efa457c56,
        type: 3}
      propertyPath: m_RootOrder
      value: 1
      objectReference: {fileID: 0}
    - target: {fileID: 6001013765091654411, guid: 32328ae0d19f1bf44b811d6efa457c56,
        type: 3}
      propertyPath: m_LocalEulerAnglesHint.x
      value: 0
      objectReference: {fileID: 0}
    - target: {fileID: 6001013765091654411, guid: 32328ae0d19f1bf44b811d6efa457c56,
        type: 3}
      propertyPath: m_LocalEulerAnglesHint.y
      value: 0
      objectReference: {fileID: 0}
    - target: {fileID: 6001013765091654411, guid: 32328ae0d19f1bf44b811d6efa457c56,
        type: 3}
      propertyPath: m_LocalEulerAnglesHint.z
      value: -450
      objectReference: {fileID: 0}
    m_RemovedComponents: []
  m_SourcePrefab: {fileID: 100100000, guid: 32328ae0d19f1bf44b811d6efa457c56, type: 3}
--- !u!1 &20788143
GameObject:
  m_ObjectHideFlags: 0
  m_CorrespondingSourceObject: {fileID: 0}
  m_PrefabInstance: {fileID: 0}
  m_PrefabAsset: {fileID: 0}
  serializedVersion: 6
  m_Component:
  - component: {fileID: 20788145}
  - component: {fileID: 20788144}
  m_Layer: 2
  m_Name: Directional Light
  m_TagString: Untagged
  m_Icon: {fileID: 0}
  m_NavMeshLayer: 0
  m_StaticEditorFlags: 0
  m_IsActive: 1
--- !u!108 &20788144
Light:
  m_ObjectHideFlags: 0
  m_CorrespondingSourceObject: {fileID: 0}
  m_PrefabInstance: {fileID: 0}
  m_PrefabAsset: {fileID: 0}
  m_GameObject: {fileID: 20788143}
  m_Enabled: 1
  serializedVersion: 9
  m_Type: 1
  m_Color: {r: 1, g: 0.95686275, b: 0.8392157, a: 1}
  m_Intensity: 1
  m_Range: 10
  m_SpotAngle: 30
  m_InnerSpotAngle: 21.80208
  m_CookieSize: 10
  m_Shadows:
    m_Type: 2
    m_Resolution: -1
    m_CustomResolution: -1
    m_Strength: 1
    m_Bias: 0.05
    m_NormalBias: 0.4
    m_NearPlane: 0.2
    m_CullingMatrixOverride:
      e00: 1
      e01: 0
      e02: 0
      e03: 0
      e10: 0
      e11: 1
      e12: 0
      e13: 0
      e20: 0
      e21: 0
      e22: 1
      e23: 0
      e30: 0
      e31: 0
      e32: 0
      e33: 1
    m_UseCullingMatrixOverride: 0
  m_Cookie: {fileID: 0}
  m_DrawHalo: 0
  m_Flare: {fileID: 0}
  m_RenderMode: 0
  m_CullingMask:
    serializedVersion: 2
    m_Bits: 4294967295
  m_RenderingLayerMask: 1
  m_Lightmapping: 1
  m_LightShadowCasterMode: 0
  m_AreaSize: {x: 1, y: 1}
  m_BounceIntensity: 1
  m_ColorTemperature: 6570
  m_UseColorTemperature: 0
  m_BoundingSphereOverride: {x: -4.441163e-16, y: 5.070604e+30, z: 1.5046331e-36,
    w: 0.00048828125}
  m_UseBoundingSphereOverride: 0
  m_ShadowRadius: 0
  m_ShadowAngle: 0
--- !u!4 &20788145
Transform:
  m_ObjectHideFlags: 0
  m_CorrespondingSourceObject: {fileID: 0}
  m_PrefabInstance: {fileID: 0}
  m_PrefabAsset: {fileID: 0}
  m_GameObject: {fileID: 20788143}
  m_LocalRotation: {x: 0.40821788, y: -0.23456968, z: 0.10938163, w: 0.8754261}
  m_LocalPosition: {x: -33.08, y: 3, z: -19.1}
  m_LocalScale: {x: 1, y: 1, z: 1}
  m_Children: []
  m_Father: {fileID: 0}
  m_RootOrder: 7
  m_LocalEulerAnglesHint: {x: 50, y: -30, z: 0}
--- !u!1001 &38949342
PrefabInstance:
  m_ObjectHideFlags: 0
  serializedVersion: 2
  m_Modification:
    m_TransformParent: {fileID: 0}
    m_Modifications:
    - target: {fileID: 9099364594177226364, guid: 9d81ea284afdaa34089ce9fa783255fc,
        type: 3}
      propertyPath: m_Name
      value: MainManager
      objectReference: {fileID: 0}
    - target: {fileID: 9099364594177226362, guid: 9d81ea284afdaa34089ce9fa783255fc,
        type: 3}
      propertyPath: m_LocalPosition.x
      value: -2.08428
      objectReference: {fileID: 0}
    - target: {fileID: 9099364594177226362, guid: 9d81ea284afdaa34089ce9fa783255fc,
        type: 3}
      propertyPath: m_LocalPosition.y
      value: 1.7343826
      objectReference: {fileID: 0}
    - target: {fileID: 9099364594177226362, guid: 9d81ea284afdaa34089ce9fa783255fc,
        type: 3}
      propertyPath: m_LocalPosition.z
      value: -86.75391
      objectReference: {fileID: 0}
    - target: {fileID: 9099364594177226362, guid: 9d81ea284afdaa34089ce9fa783255fc,
        type: 3}
      propertyPath: m_LocalRotation.x
      value: 0
      objectReference: {fileID: 0}
    - target: {fileID: 9099364594177226362, guid: 9d81ea284afdaa34089ce9fa783255fc,
        type: 3}
      propertyPath: m_LocalRotation.y
      value: 0
      objectReference: {fileID: 0}
    - target: {fileID: 9099364594177226362, guid: 9d81ea284afdaa34089ce9fa783255fc,
        type: 3}
      propertyPath: m_LocalRotation.z
      value: 0
      objectReference: {fileID: 0}
    - target: {fileID: 9099364594177226362, guid: 9d81ea284afdaa34089ce9fa783255fc,
        type: 3}
      propertyPath: m_LocalRotation.w
      value: 1
      objectReference: {fileID: 0}
    - target: {fileID: 9099364594177226362, guid: 9d81ea284afdaa34089ce9fa783255fc,
        type: 3}
      propertyPath: m_RootOrder
      value: 17
      objectReference: {fileID: 0}
    - target: {fileID: 9099364594177226362, guid: 9d81ea284afdaa34089ce9fa783255fc,
        type: 3}
      propertyPath: m_LocalEulerAnglesHint.x
      value: 0
      objectReference: {fileID: 0}
    - target: {fileID: 9099364594177226362, guid: 9d81ea284afdaa34089ce9fa783255fc,
        type: 3}
      propertyPath: m_LocalEulerAnglesHint.y
      value: 0
      objectReference: {fileID: 0}
    - target: {fileID: 9099364594177226362, guid: 9d81ea284afdaa34089ce9fa783255fc,
        type: 3}
      propertyPath: m_LocalEulerAnglesHint.z
      value: 0
      objectReference: {fileID: 0}
    - target: {fileID: 6751755880393871495, guid: 9d81ea284afdaa34089ce9fa783255fc,
        type: 3}
      propertyPath: m_LocalPosition.z
      value: 0
      objectReference: {fileID: 0}
    m_RemovedComponents: []
  m_SourcePrefab: {fileID: 100100000, guid: 9d81ea284afdaa34089ce9fa783255fc, type: 3}
--- !u!1001 &95087770
PrefabInstance:
  m_ObjectHideFlags: 0
  serializedVersion: 2
  m_Modification:
    m_TransformParent: {fileID: 0}
    m_Modifications:
    - target: {fileID: 6559525540558278607, guid: 1bf5ce9af7c215b4ab1983d0c159f2fb,
        type: 3}
      propertyPath: m_Name
      value: ShadowWall
      objectReference: {fileID: 0}
    - target: {fileID: 6559525540558278603, guid: 1bf5ce9af7c215b4ab1983d0c159f2fb,
        type: 3}
      propertyPath: m_LocalPosition.x
      value: -1.95
      objectReference: {fileID: 0}
    - target: {fileID: 6559525540558278603, guid: 1bf5ce9af7c215b4ab1983d0c159f2fb,
        type: 3}
      propertyPath: m_LocalPosition.y
      value: -2.78
      objectReference: {fileID: 0}
    - target: {fileID: 6559525540558278603, guid: 1bf5ce9af7c215b4ab1983d0c159f2fb,
        type: 3}
      propertyPath: m_LocalPosition.z
      value: 0
      objectReference: {fileID: 0}
    - target: {fileID: 6559525540558278603, guid: 1bf5ce9af7c215b4ab1983d0c159f2fb,
        type: 3}
      propertyPath: m_LocalRotation.x
      value: 0
      objectReference: {fileID: 0}
    - target: {fileID: 6559525540558278603, guid: 1bf5ce9af7c215b4ab1983d0c159f2fb,
        type: 3}
      propertyPath: m_LocalRotation.y
      value: 0
      objectReference: {fileID: 0}
    - target: {fileID: 6559525540558278603, guid: 1bf5ce9af7c215b4ab1983d0c159f2fb,
        type: 3}
      propertyPath: m_LocalRotation.z
      value: 0
      objectReference: {fileID: 0}
    - target: {fileID: 6559525540558278603, guid: 1bf5ce9af7c215b4ab1983d0c159f2fb,
        type: 3}
      propertyPath: m_LocalRotation.w
      value: 1
      objectReference: {fileID: 0}
    - target: {fileID: 6559525540558278603, guid: 1bf5ce9af7c215b4ab1983d0c159f2fb,
        type: 3}
      propertyPath: m_RootOrder
      value: 2
      objectReference: {fileID: 0}
    - target: {fileID: 6559525540558278603, guid: 1bf5ce9af7c215b4ab1983d0c159f2fb,
        type: 3}
      propertyPath: m_LocalEulerAnglesHint.x
      value: 0
      objectReference: {fileID: 0}
    - target: {fileID: 6559525540558278603, guid: 1bf5ce9af7c215b4ab1983d0c159f2fb,
        type: 3}
      propertyPath: m_LocalEulerAnglesHint.y
      value: 0
      objectReference: {fileID: 0}
    - target: {fileID: 6559525540558278603, guid: 1bf5ce9af7c215b4ab1983d0c159f2fb,
        type: 3}
      propertyPath: m_LocalEulerAnglesHint.z
      value: 0
      objectReference: {fileID: 0}
    - target: {fileID: 6559525540558278603, guid: 1bf5ce9af7c215b4ab1983d0c159f2fb,
        type: 3}
      propertyPath: m_LocalScale.x
      value: 1.5724341
      objectReference: {fileID: 0}
    - target: {fileID: 6559525540558278603, guid: 1bf5ce9af7c215b4ab1983d0c159f2fb,
        type: 3}
      propertyPath: m_LocalScale.y
      value: 1.5724341
      objectReference: {fileID: 0}
    - target: {fileID: 6559525540558278603, guid: 1bf5ce9af7c215b4ab1983d0c159f2fb,
        type: 3}
      propertyPath: m_LocalScale.z
      value: 1.5724341
      objectReference: {fileID: 0}
    m_RemovedComponents: []
  m_SourcePrefab: {fileID: 100100000, guid: 1bf5ce9af7c215b4ab1983d0c159f2fb, type: 3}
--- !u!1001 &107051157
PrefabInstance:
  m_ObjectHideFlags: 0
  serializedVersion: 2
  m_Modification:
    m_TransformParent: {fileID: 0}
    m_Modifications:
    - target: {fileID: 4101057730136228947, guid: 8b0f22e8abf67ad4686356a238f60e94,
        type: 3}
      propertyPath: m_Name
      value: LightWall (3)
      objectReference: {fileID: 0}
    - target: {fileID: 4101057730136228951, guid: 8b0f22e8abf67ad4686356a238f60e94,
        type: 3}
      propertyPath: m_LocalPosition.x
      value: 4.58
      objectReference: {fileID: 0}
    - target: {fileID: 4101057730136228951, guid: 8b0f22e8abf67ad4686356a238f60e94,
        type: 3}
      propertyPath: m_LocalPosition.y
      value: -3.58
      objectReference: {fileID: 0}
    - target: {fileID: 4101057730136228951, guid: 8b0f22e8abf67ad4686356a238f60e94,
        type: 3}
      propertyPath: m_LocalPosition.z
      value: 0
      objectReference: {fileID: 0}
    - target: {fileID: 4101057730136228951, guid: 8b0f22e8abf67ad4686356a238f60e94,
        type: 3}
      propertyPath: m_LocalRotation.x
      value: 0
      objectReference: {fileID: 0}
    - target: {fileID: 4101057730136228951, guid: 8b0f22e8abf67ad4686356a238f60e94,
        type: 3}
      propertyPath: m_LocalRotation.y
      value: 0
      objectReference: {fileID: 0}
    - target: {fileID: 4101057730136228951, guid: 8b0f22e8abf67ad4686356a238f60e94,
        type: 3}
      propertyPath: m_LocalRotation.z
      value: 0.7071068
      objectReference: {fileID: 0}
    - target: {fileID: 4101057730136228951, guid: 8b0f22e8abf67ad4686356a238f60e94,
        type: 3}
      propertyPath: m_LocalRotation.w
      value: 0.7071068
      objectReference: {fileID: 0}
    - target: {fileID: 4101057730136228951, guid: 8b0f22e8abf67ad4686356a238f60e94,
        type: 3}
      propertyPath: m_RootOrder
      value: 13
      objectReference: {fileID: 0}
    - target: {fileID: 4101057730136228951, guid: 8b0f22e8abf67ad4686356a238f60e94,
        type: 3}
      propertyPath: m_LocalEulerAnglesHint.x
      value: 0
      objectReference: {fileID: 0}
    - target: {fileID: 4101057730136228951, guid: 8b0f22e8abf67ad4686356a238f60e94,
        type: 3}
      propertyPath: m_LocalEulerAnglesHint.y
      value: 0
      objectReference: {fileID: 0}
    - target: {fileID: 4101057730136228951, guid: 8b0f22e8abf67ad4686356a238f60e94,
        type: 3}
      propertyPath: m_LocalEulerAnglesHint.z
      value: 90
      objectReference: {fileID: 0}
    - target: {fileID: 4101057730136228951, guid: 8b0f22e8abf67ad4686356a238f60e94,
        type: 3}
      propertyPath: m_LocalScale.x
      value: 1.5774983
      objectReference: {fileID: 0}
    - target: {fileID: 4101057730136228951, guid: 8b0f22e8abf67ad4686356a238f60e94,
        type: 3}
      propertyPath: m_LocalScale.y
      value: 1.5774983
      objectReference: {fileID: 0}
    - target: {fileID: 4101057730136228951, guid: 8b0f22e8abf67ad4686356a238f60e94,
        type: 3}
      propertyPath: m_LocalScale.z
      value: 1.5774983
      objectReference: {fileID: 0}
    m_RemovedComponents: []
  m_SourcePrefab: {fileID: 100100000, guid: 8b0f22e8abf67ad4686356a238f60e94, type: 3}
--- !u!1 &138259777
GameObject:
  m_ObjectHideFlags: 0
  m_CorrespondingSourceObject: {fileID: 0}
  m_PrefabInstance: {fileID: 0}
  m_PrefabAsset: {fileID: 0}
  serializedVersion: 6
  m_Component:
  - component: {fileID: 138259780}
  - component: {fileID: 138259779}
  - component: {fileID: 138259778}
  m_Layer: 0
  m_Name: Main Camera
  m_TagString: MainCamera
  m_Icon: {fileID: 0}
  m_NavMeshLayer: 0
  m_StaticEditorFlags: 0
  m_IsActive: 1
--- !u!81 &138259778
AudioListener:
  m_ObjectHideFlags: 0
  m_CorrespondingSourceObject: {fileID: 0}
  m_PrefabInstance: {fileID: 0}
  m_PrefabAsset: {fileID: 0}
  m_GameObject: {fileID: 138259777}
  m_Enabled: 1
--- !u!20 &138259779
Camera:
  m_ObjectHideFlags: 0
  m_CorrespondingSourceObject: {fileID: 0}
  m_PrefabInstance: {fileID: 0}
  m_PrefabAsset: {fileID: 0}
  m_GameObject: {fileID: 138259777}
  m_Enabled: 1
  serializedVersion: 2
  m_ClearFlags: 1
  m_BackGroundColor: {r: 0.05660379, g: 0.05660379, b: 0.05660379, a: 0}
  m_projectionMatrixMode: 1
  m_GateFitMode: 2
  m_FOVAxisMode: 0
  m_SensorSize: {x: 36, y: 24}
  m_LensShift: {x: 0, y: 0}
  m_FocalLength: 50
  m_NormalizedViewPortRect:
    serializedVersion: 2
    x: 0
    y: 0
    width: 1
    height: 1
  near clip plane: 0.3
  far clip plane: 1000
  field of view: 60
  orthographic: 1
  orthographic size: 5
  m_Depth: -1
  m_CullingMask:
    serializedVersion: 2
    m_Bits: 4294967295
  m_RenderingPath: -1
  m_TargetTexture: {fileID: 0}
  m_TargetDisplay: 0
  m_TargetEye: 3
  m_HDR: 1
  m_AllowMSAA: 1
  m_AllowDynamicResolution: 0
  m_ForceIntoRT: 0
  m_OcclusionCulling: 1
  m_StereoConvergence: 10
  m_StereoSeparation: 0.022
--- !u!4 &138259780
Transform:
  m_ObjectHideFlags: 0
  m_CorrespondingSourceObject: {fileID: 0}
  m_PrefabInstance: {fileID: 0}
  m_PrefabAsset: {fileID: 0}
  m_GameObject: {fileID: 138259777}
  m_LocalRotation: {x: 0, y: 0, z: 0, w: 1}
  m_LocalPosition: {x: 0, y: 0, z: -10}
  m_LocalScale: {x: 1, y: 1, z: 1}
  m_Children: []
  m_Father: {fileID: 0}
  m_RootOrder: 10
  m_LocalEulerAnglesHint: {x: 0, y: 0, z: 0}
--- !u!1 &184642881
GameObject:
  m_ObjectHideFlags: 0
  m_CorrespondingSourceObject: {fileID: 0}
  m_PrefabInstance: {fileID: 0}
  m_PrefabAsset: {fileID: 0}
  serializedVersion: 6
  m_Component:
  - component: {fileID: 184642885}
  - component: {fileID: 184642884}
  - component: {fileID: 184642883}
  - component: {fileID: 184642882}
  m_Layer: 0
  m_Name: Plane
  m_TagString: Untagged
  m_Icon: {fileID: 0}
  m_NavMeshLayer: 0
  m_StaticEditorFlags: 0
  m_IsActive: 1
--- !u!64 &184642882
MeshCollider:
  m_ObjectHideFlags: 0
  m_CorrespondingSourceObject: {fileID: 0}
  m_PrefabInstance: {fileID: 0}
  m_PrefabAsset: {fileID: 0}
  m_GameObject: {fileID: 184642881}
  m_Material: {fileID: 0}
  m_IsTrigger: 0
  m_Enabled: 1
  serializedVersion: 3
  m_Convex: 0
  m_CookingOptions: 14
  m_Mesh: {fileID: 10209, guid: 0000000000000000e000000000000000, type: 0}
--- !u!23 &184642883
MeshRenderer:
  m_ObjectHideFlags: 0
  m_CorrespondingSourceObject: {fileID: 0}
  m_PrefabInstance: {fileID: 0}
  m_PrefabAsset: {fileID: 0}
  m_GameObject: {fileID: 184642881}
  m_Enabled: 0
  m_CastShadows: 1
  m_ReceiveShadows: 1
  m_DynamicOccludee: 1
  m_MotionVectors: 1
  m_LightProbeUsage: 1
  m_ReflectionProbeUsage: 1
  m_RenderingLayerMask: 1
  m_RendererPriority: 0
  m_Materials:
  - {fileID: 2100000, guid: f040e2a6f3fbb0c488de764889e65a22, type: 2}
  m_StaticBatchInfo:
    firstSubMesh: 0
    subMeshCount: 0
  m_StaticBatchRoot: {fileID: 0}
  m_ProbeAnchor: {fileID: 0}
  m_LightProbeVolumeOverride: {fileID: 0}
  m_ScaleInLightmap: 1
  m_PreserveUVs: 0
  m_IgnoreNormalsForChartDetection: 0
  m_ImportantGI: 0
  m_StitchLightmapSeams: 1
  m_SelectedEditorRenderState: 3
  m_MinimumChartSize: 4
  m_AutoUVMaxDistance: 0.5
  m_AutoUVMaxAngle: 89
  m_LightmapParameters: {fileID: 0}
  m_SortingLayerID: 0
  m_SortingLayer: 0
  m_SortingOrder: 0
--- !u!33 &184642884
MeshFilter:
  m_ObjectHideFlags: 0
  m_CorrespondingSourceObject: {fileID: 0}
  m_PrefabInstance: {fileID: 0}
  m_PrefabAsset: {fileID: 0}
  m_GameObject: {fileID: 184642881}
  m_Mesh: {fileID: 10209, guid: 0000000000000000e000000000000000, type: 0}
--- !u!4 &184642885
Transform:
  m_ObjectHideFlags: 0
  m_CorrespondingSourceObject: {fileID: 0}
  m_PrefabInstance: {fileID: 0}
  m_PrefabAsset: {fileID: 0}
  m_GameObject: {fileID: 184642881}
  m_LocalRotation: {x: 0, y: -0.70710677, z: 0.70710677, w: 0}
  m_LocalPosition: {x: -0.1, y: -0.2, z: 1}
  m_LocalScale: {x: 2.609949, y: 11.693092, z: 2.1696}
  m_Children: []
  m_Father: {fileID: 0}
  m_RootOrder: 8
  m_LocalEulerAnglesHint: {x: 90, y: -90, z: 90}
--- !u!1001 &211806632
PrefabInstance:
  m_ObjectHideFlags: 0
  serializedVersion: 2
  m_Modification:
    m_TransformParent: {fileID: 0}
    m_Modifications:
    - target: {fileID: 6559525540558278607, guid: 1bf5ce9af7c215b4ab1983d0c159f2fb,
        type: 3}
      propertyPath: m_Name
      value: ShadowWall (1)
      objectReference: {fileID: 0}
    - target: {fileID: 6559525540558278603, guid: 1bf5ce9af7c215b4ab1983d0c159f2fb,
        type: 3}
      propertyPath: m_LocalPosition.x
      value: -0.71
      objectReference: {fileID: 0}
    - target: {fileID: 6559525540558278603, guid: 1bf5ce9af7c215b4ab1983d0c159f2fb,
        type: 3}
      propertyPath: m_LocalPosition.y
      value: -3.87
      objectReference: {fileID: 0}
    - target: {fileID: 6559525540558278603, guid: 1bf5ce9af7c215b4ab1983d0c159f2fb,
        type: 3}
      propertyPath: m_LocalPosition.z
      value: 0
      objectReference: {fileID: 0}
    - target: {fileID: 6559525540558278603, guid: 1bf5ce9af7c215b4ab1983d0c159f2fb,
        type: 3}
      propertyPath: m_LocalRotation.x
      value: -0
      objectReference: {fileID: 0}
    - target: {fileID: 6559525540558278603, guid: 1bf5ce9af7c215b4ab1983d0c159f2fb,
        type: 3}
      propertyPath: m_LocalRotation.y
      value: -0
      objectReference: {fileID: 0}
    - target: {fileID: 6559525540558278603, guid: 1bf5ce9af7c215b4ab1983d0c159f2fb,
        type: 3}
      propertyPath: m_LocalRotation.z
      value: 0.7071064
      objectReference: {fileID: 0}
    - target: {fileID: 6559525540558278603, guid: 1bf5ce9af7c215b4ab1983d0c159f2fb,
        type: 3}
      propertyPath: m_LocalRotation.w
      value: -0.7071072
      objectReference: {fileID: 0}
    - target: {fileID: 6559525540558278603, guid: 1bf5ce9af7c215b4ab1983d0c159f2fb,
        type: 3}
      propertyPath: m_RootOrder
      value: 15
      objectReference: {fileID: 0}
    - target: {fileID: 6559525540558278603, guid: 1bf5ce9af7c215b4ab1983d0c159f2fb,
        type: 3}
      propertyPath: m_LocalEulerAnglesHint.x
      value: 0
      objectReference: {fileID: 0}
    - target: {fileID: 6559525540558278603, guid: 1bf5ce9af7c215b4ab1983d0c159f2fb,
        type: 3}
      propertyPath: m_LocalEulerAnglesHint.y
      value: 0
      objectReference: {fileID: 0}
    - target: {fileID: 6559525540558278603, guid: 1bf5ce9af7c215b4ab1983d0c159f2fb,
        type: 3}
      propertyPath: m_LocalEulerAnglesHint.z
      value: -90.00001
      objectReference: {fileID: 0}
    - target: {fileID: 6559525540558278603, guid: 1bf5ce9af7c215b4ab1983d0c159f2fb,
        type: 3}
      propertyPath: m_LocalScale.x
      value: 0.8648388
      objectReference: {fileID: 0}
    - target: {fileID: 6559525540558278603, guid: 1bf5ce9af7c215b4ab1983d0c159f2fb,
        type: 3}
      propertyPath: m_LocalScale.y
      value: 0.8648388
      objectReference: {fileID: 0}
    - target: {fileID: 6559525540558278603, guid: 1bf5ce9af7c215b4ab1983d0c159f2fb,
        type: 3}
      propertyPath: m_LocalScale.z
      value: 0.8648388
      objectReference: {fileID: 0}
    m_RemovedComponents: []
  m_SourcePrefab: {fileID: 100100000, guid: 1bf5ce9af7c215b4ab1983d0c159f2fb, type: 3}
--- !u!43 &307532386
Mesh:
  m_ObjectHideFlags: 0
  m_CorrespondingSourceObject: {fileID: 0}
  m_PrefabInstance: {fileID: 0}
  m_PrefabAsset: {fileID: 0}
  m_Name: 
  serializedVersion: 10
  m_SubMeshes:
  - serializedVersion: 2
    firstByte: 0
    indexCount: 6
    topology: 0
    baseVertex: 0
    firstVertex: 0
    vertexCount: 4
    localAABB:
      m_Center: {x: 0, y: -3.5350003, z: 0}
      m_Extent: {x: 0.5, y: 4.735, z: 0}
  m_Shapes:
    vertices: []
    shapes: []
    channels: []
    fullWeights: []
  m_BindPose: []
  m_BoneNameHashes: 
  m_RootBoneNameHash: 0
  m_BonesAABB: []
  m_VariableBoneCountWeights:
    m_Data: 
  m_MeshCompression: 0
  m_IsReadable: 1
  m_KeepVertices: 1
  m_KeepIndices: 1
  m_IndexFormat: 0
  m_IndexBuffer: 030002000100010000000300
  m_VertexData:
    serializedVersion: 3
    m_VertexCount: 4
    m_Channels:
    - stream: 0
      offset: 0
      format: 0
      dimension: 3
    - stream: 0
      offset: 0
      format: 0
      dimension: 0
    - stream: 0
      offset: 0
      format: 0
      dimension: 0
    - stream: 0
      offset: 0
      format: 0
      dimension: 0
    - stream: 0
      offset: 12
      format: 0
      dimension: 2
    - stream: 0
      offset: 0
      format: 0
      dimension: 0
    - stream: 0
      offset: 0
      format: 0
      dimension: 0
    - stream: 0
      offset: 0
      format: 0
      dimension: 0
    - stream: 0
      offset: 0
      format: 0
      dimension: 0
    - stream: 0
      offset: 0
      format: 0
      dimension: 0
    - stream: 0
      offset: 0
      format: 0
      dimension: 0
    - stream: 0
      offset: 0
      format: 0
      dimension: 0
    - stream: 0
      offset: 0
      format: 0
      dimension: 0
    - stream: 0
      offset: 0
      format: 0
      dimension: 0
    m_DataSize: 80
    _typelessdata: 000000bfec5104c100000000000000bfec5104c10000003fec5104c1000000000000003fec5104c10000003f9a99993f000000000000003f9a99993f000000bf9a99993f00000000000000bf9a99993f
  m_CompressedMesh:
    m_Vertices:
      m_NumItems: 0
      m_Range: 0
      m_Start: 0
      m_Data: 
      m_BitSize: 0
    m_UV:
      m_NumItems: 0
      m_Range: 0
      m_Start: 0
      m_Data: 
      m_BitSize: 0
    m_Normals:
      m_NumItems: 0
      m_Range: 0
      m_Start: 0
      m_Data: 
      m_BitSize: 0
    m_Tangents:
      m_NumItems: 0
      m_Range: 0
      m_Start: 0
      m_Data: 
      m_BitSize: 0
    m_Weights:
      m_NumItems: 0
      m_Data: 
      m_BitSize: 0
    m_NormalSigns:
      m_NumItems: 0
      m_Data: 
      m_BitSize: 0
    m_TangentSigns:
      m_NumItems: 0
      m_Data: 
      m_BitSize: 0
    m_FloatColors:
      m_NumItems: 0
      m_Range: 0
      m_Start: 0
      m_Data: 
      m_BitSize: 0
    m_BoneIndices:
      m_NumItems: 0
      m_Data: 
      m_BitSize: 0
    m_Triangles:
      m_NumItems: 0
      m_Data: 
      m_BitSize: 0
    m_UVInfo: 0
  m_LocalAABB:
    m_Center: {x: 0, y: -3.5350003, z: 0}
    m_Extent: {x: 0.5, y: 4.735, z: 0}
  m_MeshUsageFlags: 0
  m_BakedConvexCollisionMesh: 
  m_BakedTriangleCollisionMesh: 
  m_MeshMetrics[0]: 1
  m_MeshMetrics[1]: 1
  m_MeshOptimizationFlags: 1
  m_StreamData:
    offset: 0
    size: 0
    path: 
--- !u!1001 &722710679
PrefabInstance:
  m_ObjectHideFlags: 0
  serializedVersion: 2
  m_Modification:
    m_TransformParent: {fileID: 0}
    m_Modifications:
    - target: {fileID: 6833383434876609872, guid: 457d3c01a6f920d43bcd8155d91c84d5,
        type: 3}
      propertyPath: m_Name
      value: LevelManager
      objectReference: {fileID: 0}
    - target: {fileID: 6833383434876609875, guid: 457d3c01a6f920d43bcd8155d91c84d5,
        type: 3}
      propertyPath: m_LocalPosition.x
      value: 0
      objectReference: {fileID: 0}
    - target: {fileID: 6833383434876609875, guid: 457d3c01a6f920d43bcd8155d91c84d5,
        type: 3}
      propertyPath: m_LocalPosition.y
      value: 0
      objectReference: {fileID: 0}
    - target: {fileID: 6833383434876609875, guid: 457d3c01a6f920d43bcd8155d91c84d5,
        type: 3}
      propertyPath: m_LocalPosition.z
      value: 0
      objectReference: {fileID: 0}
    - target: {fileID: 6833383434876609875, guid: 457d3c01a6f920d43bcd8155d91c84d5,
        type: 3}
      propertyPath: m_LocalRotation.x
      value: 0
      objectReference: {fileID: 0}
    - target: {fileID: 6833383434876609875, guid: 457d3c01a6f920d43bcd8155d91c84d5,
        type: 3}
      propertyPath: m_LocalRotation.y
      value: 0
      objectReference: {fileID: 0}
    - target: {fileID: 6833383434876609875, guid: 457d3c01a6f920d43bcd8155d91c84d5,
        type: 3}
      propertyPath: m_LocalRotation.z
      value: 0
      objectReference: {fileID: 0}
    - target: {fileID: 6833383434876609875, guid: 457d3c01a6f920d43bcd8155d91c84d5,
        type: 3}
      propertyPath: m_LocalRotation.w
      value: 1
      objectReference: {fileID: 0}
    - target: {fileID: 6833383434876609875, guid: 457d3c01a6f920d43bcd8155d91c84d5,
        type: 3}
      propertyPath: m_RootOrder
      value: 19
      objectReference: {fileID: 0}
    - target: {fileID: 6833383434876609875, guid: 457d3c01a6f920d43bcd8155d91c84d5,
        type: 3}
      propertyPath: m_LocalEulerAnglesHint.x
      value: 0
      objectReference: {fileID: 0}
    - target: {fileID: 6833383434876609875, guid: 457d3c01a6f920d43bcd8155d91c84d5,
        type: 3}
      propertyPath: m_LocalEulerAnglesHint.y
      value: 0
      objectReference: {fileID: 0}
    - target: {fileID: 6833383434876609875, guid: 457d3c01a6f920d43bcd8155d91c84d5,
        type: 3}
      propertyPath: m_LocalEulerAnglesHint.z
      value: 0
      objectReference: {fileID: 0}
    - target: {fileID: 6833383434876609875, guid: 457d3c01a6f920d43bcd8155d91c84d5,
        type: 3}
      propertyPath: m_AnchoredPosition.x
      value: 0
      objectReference: {fileID: 0}
    - target: {fileID: 6833383434876609875, guid: 457d3c01a6f920d43bcd8155d91c84d5,
        type: 3}
      propertyPath: m_AnchoredPosition.y
      value: 0
      objectReference: {fileID: 0}
    - target: {fileID: 6833383434876609875, guid: 457d3c01a6f920d43bcd8155d91c84d5,
        type: 3}
      propertyPath: m_SizeDelta.x
      value: 0
      objectReference: {fileID: 0}
    - target: {fileID: 6833383434876609875, guid: 457d3c01a6f920d43bcd8155d91c84d5,
        type: 3}
      propertyPath: m_SizeDelta.y
      value: 0
      objectReference: {fileID: 0}
    - target: {fileID: 6833383434876609875, guid: 457d3c01a6f920d43bcd8155d91c84d5,
        type: 3}
      propertyPath: m_AnchorMin.x
      value: 0
      objectReference: {fileID: 0}
    - target: {fileID: 6833383434876609875, guid: 457d3c01a6f920d43bcd8155d91c84d5,
        type: 3}
      propertyPath: m_AnchorMin.y
      value: 0
      objectReference: {fileID: 0}
    - target: {fileID: 6833383434876609875, guid: 457d3c01a6f920d43bcd8155d91c84d5,
        type: 3}
      propertyPath: m_AnchorMax.x
      value: 0
      objectReference: {fileID: 0}
    - target: {fileID: 6833383434876609875, guid: 457d3c01a6f920d43bcd8155d91c84d5,
        type: 3}
      propertyPath: m_AnchorMax.y
      value: 0
      objectReference: {fileID: 0}
    - target: {fileID: 6833383434876609875, guid: 457d3c01a6f920d43bcd8155d91c84d5,
        type: 3}
      propertyPath: m_Pivot.x
      value: 0
      objectReference: {fileID: 0}
    - target: {fileID: 6833383434876609875, guid: 457d3c01a6f920d43bcd8155d91c84d5,
        type: 3}
      propertyPath: m_Pivot.y
      value: 0
      objectReference: {fileID: 0}
    - target: {fileID: 6833383434876609873, guid: 457d3c01a6f920d43bcd8155d91c84d5,
        type: 3}
      propertyPath: currentLevel
      value: 9
      objectReference: {fileID: 0}
    m_RemovedComponents: []
  m_SourcePrefab: {fileID: 100100000, guid: 457d3c01a6f920d43bcd8155d91c84d5, type: 3}
--- !u!1001 &904884412
PrefabInstance:
  m_ObjectHideFlags: 0
  serializedVersion: 2
  m_Modification:
    m_TransformParent: {fileID: 0}
    m_Modifications:
    - target: {fileID: 5730074973465038529, guid: 0d4f360531202064db93ee20d11b6f49,
        type: 3}
      propertyPath: m_Name
      value: Background
      objectReference: {fileID: 0}
    - target: {fileID: 5730074973465038530, guid: 0d4f360531202064db93ee20d11b6f49,
        type: 3}
      propertyPath: m_LocalPosition.x
      value: 0
      objectReference: {fileID: 0}
    - target: {fileID: 5730074973465038530, guid: 0d4f360531202064db93ee20d11b6f49,
        type: 3}
      propertyPath: m_LocalPosition.y
      value: 0
      objectReference: {fileID: 0}
    - target: {fileID: 5730074973465038530, guid: 0d4f360531202064db93ee20d11b6f49,
        type: 3}
      propertyPath: m_LocalPosition.z
      value: 1
      objectReference: {fileID: 0}
    - target: {fileID: 5730074973465038530, guid: 0d4f360531202064db93ee20d11b6f49,
        type: 3}
      propertyPath: m_LocalRotation.x
      value: 0
      objectReference: {fileID: 0}
    - target: {fileID: 5730074973465038530, guid: 0d4f360531202064db93ee20d11b6f49,
        type: 3}
      propertyPath: m_LocalRotation.y
      value: 0
      objectReference: {fileID: 0}
    - target: {fileID: 5730074973465038530, guid: 0d4f360531202064db93ee20d11b6f49,
        type: 3}
      propertyPath: m_LocalRotation.z
      value: 0
      objectReference: {fileID: 0}
    - target: {fileID: 5730074973465038530, guid: 0d4f360531202064db93ee20d11b6f49,
        type: 3}
      propertyPath: m_LocalRotation.w
      value: 1
      objectReference: {fileID: 0}
    - target: {fileID: 5730074973465038530, guid: 0d4f360531202064db93ee20d11b6f49,
        type: 3}
      propertyPath: m_RootOrder
      value: 18
      objectReference: {fileID: 0}
    - target: {fileID: 5730074973465038530, guid: 0d4f360531202064db93ee20d11b6f49,
        type: 3}
      propertyPath: m_LocalEulerAnglesHint.x
      value: 0
      objectReference: {fileID: 0}
    - target: {fileID: 5730074973465038530, guid: 0d4f360531202064db93ee20d11b6f49,
        type: 3}
      propertyPath: m_LocalEulerAnglesHint.y
      value: 0
      objectReference: {fileID: 0}
    - target: {fileID: 5730074973465038530, guid: 0d4f360531202064db93ee20d11b6f49,
        type: 3}
      propertyPath: m_LocalEulerAnglesHint.z
      value: 0
      objectReference: {fileID: 0}
    - target: {fileID: 5730074973465038530, guid: 0d4f360531202064db93ee20d11b6f49,
        type: 3}
      propertyPath: m_LocalScale.x
      value: 1
      objectReference: {fileID: 0}
    - target: {fileID: 5730074973465038530, guid: 0d4f360531202064db93ee20d11b6f49,
        type: 3}
      propertyPath: m_LocalScale.y
      value: 1
      objectReference: {fileID: 0}
    m_RemovedComponents: []
  m_SourcePrefab: {fileID: 100100000, guid: 0d4f360531202064db93ee20d11b6f49, type: 3}
--- !u!43 &905579439
Mesh:
  m_ObjectHideFlags: 0
  m_CorrespondingSourceObject: {fileID: 0}
  m_PrefabInstance: {fileID: 0}
  m_PrefabAsset: {fileID: 0}
  m_Name: 
  serializedVersion: 10
  m_SubMeshes:
  - serializedVersion: 2
    firstByte: 0
    indexCount: 6
    topology: 0
    baseVertex: 0
    firstVertex: 0
    vertexCount: 4
    localAABB:
      m_Center: {x: 1.1099999, y: 0, z: 0}
      m_Extent: {x: 8.89, y: 0.5, z: 0}
  m_Shapes:
    vertices: []
    shapes: []
    channels: []
    fullWeights: []
  m_BindPose: []
  m_BoneNameHashes: 
  m_RootBoneNameHash: 0
  m_BonesAABB: []
  m_VariableBoneCountWeights:
    m_Data: 
  m_MeshCompression: 0
  m_IsReadable: 1
  m_KeepVertices: 1
  m_KeepIndices: 1
  m_IndexFormat: 0
  m_IndexBuffer: 000001000200020003000000
  m_VertexData:
    serializedVersion: 3
    m_VertexCount: 4
    m_Channels:
    - stream: 0
      offset: 0
      format: 0
      dimension: 3
    - stream: 0
      offset: 0
      format: 0
      dimension: 0
    - stream: 0
      offset: 0
      format: 0
      dimension: 0
    - stream: 0
      offset: 0
      format: 0
      dimension: 0
    - stream: 0
      offset: 12
      format: 0
      dimension: 2
    - stream: 0
      offset: 0
      format: 0
      dimension: 0
    - stream: 0
      offset: 0
      format: 0
      dimension: 0
    - stream: 0
      offset: 0
      format: 0
      dimension: 0
    - stream: 0
      offset: 0
      format: 0
      dimension: 0
    - stream: 0
      offset: 0
      format: 0
      dimension: 0
    - stream: 0
      offset: 0
      format: 0
      dimension: 0
    - stream: 0
      offset: 0
      format: 0
      dimension: 0
    - stream: 0
      offset: 0
      format: 0
      dimension: 0
    - stream: 0
      offset: 0
      format: 0
      dimension: 0
    m_DataSize: 80
    _typelessdata: c3f5f8c0000000bf00000000c3f5f8c0000000bfc3f5f8c00000003f00000000c3f5f8c00000003f000020410000003f00000000000020410000003f00002041000000bf0000000000002041000000bf
  m_CompressedMesh:
    m_Vertices:
      m_NumItems: 0
      m_Range: 0
      m_Start: 0
      m_Data: 
      m_BitSize: 0
    m_UV:
      m_NumItems: 0
      m_Range: 0
      m_Start: 0
      m_Data: 
      m_BitSize: 0
    m_Normals:
      m_NumItems: 0
      m_Range: 0
      m_Start: 0
      m_Data: 
      m_BitSize: 0
    m_Tangents:
      m_NumItems: 0
      m_Range: 0
      m_Start: 0
      m_Data: 
      m_BitSize: 0
    m_Weights:
      m_NumItems: 0
      m_Data: 
      m_BitSize: 0
    m_NormalSigns:
      m_NumItems: 0
      m_Data: 
      m_BitSize: 0
    m_TangentSigns:
      m_NumItems: 0
      m_Data: 
      m_BitSize: 0
    m_FloatColors:
      m_NumItems: 0
      m_Range: 0
      m_Start: 0
      m_Data: 
      m_BitSize: 0
    m_BoneIndices:
      m_NumItems: 0
      m_Data: 
      m_BitSize: 0
    m_Triangles:
      m_NumItems: 0
      m_Data: 
      m_BitSize: 0
    m_UVInfo: 0
  m_LocalAABB:
    m_Center: {x: 1.1099999, y: 0, z: 0}
    m_Extent: {x: 8.89, y: 0.5, z: 0}
  m_MeshUsageFlags: 0
  m_BakedConvexCollisionMesh: 
  m_BakedTriangleCollisionMesh: 
  m_MeshMetrics[0]: 1
  m_MeshMetrics[1]: 1
  m_MeshOptimizationFlags: 1
  m_StreamData:
    offset: 0
    size: 0
    path: 
--- !u!43 &942543019
Mesh:
  m_ObjectHideFlags: 0
  m_CorrespondingSourceObject: {fileID: 0}
  m_PrefabInstance: {fileID: 0}
  m_PrefabAsset: {fileID: 0}
  m_Name: 
  serializedVersion: 10
  m_SubMeshes:
  - serializedVersion: 2
    firstByte: 0
    indexCount: 6
    topology: 0
    baseVertex: 0
    firstVertex: 0
    vertexCount: 4
    localAABB:
      m_Center: {x: 0, y: -3.5350003, z: 0}
      m_Extent: {x: 0.5, y: 4.735, z: 0}
  m_Shapes:
    vertices: []
    shapes: []
    channels: []
    fullWeights: []
  m_BindPose: []
  m_BoneNameHashes: 
  m_RootBoneNameHash: 0
  m_BonesAABB: []
  m_VariableBoneCountWeights:
    m_Data: 
  m_MeshCompression: 0
  m_IsReadable: 1
  m_KeepVertices: 1
  m_KeepIndices: 1
  m_IndexFormat: 0
  m_IndexBuffer: 030002000100010000000300
  m_VertexData:
    serializedVersion: 3
    m_VertexCount: 4
    m_Channels:
    - stream: 0
      offset: 0
      format: 0
      dimension: 3
    - stream: 0
      offset: 0
      format: 0
      dimension: 0
    - stream: 0
      offset: 0
      format: 0
      dimension: 0
    - stream: 0
      offset: 0
      format: 0
      dimension: 0
    - stream: 0
      offset: 12
      format: 0
      dimension: 2
    - stream: 0
      offset: 0
      format: 0
      dimension: 0
    - stream: 0
      offset: 0
      format: 0
      dimension: 0
    - stream: 0
      offset: 0
      format: 0
      dimension: 0
    - stream: 0
      offset: 0
      format: 0
      dimension: 0
    - stream: 0
      offset: 0
      format: 0
      dimension: 0
    - stream: 0
      offset: 0
      format: 0
      dimension: 0
    - stream: 0
      offset: 0
      format: 0
      dimension: 0
    - stream: 0
      offset: 0
      format: 0
      dimension: 0
    - stream: 0
      offset: 0
      format: 0
      dimension: 0
    m_DataSize: 80
    _typelessdata: 000000bfec5104c100000000000000bfec5104c10000003fec5104c1000000000000003fec5104c10000003f9a99993f000000000000003f9a99993f000000bf9a99993f00000000000000bf9a99993f
  m_CompressedMesh:
    m_Vertices:
      m_NumItems: 0
      m_Range: 0
      m_Start: 0
      m_Data: 
      m_BitSize: 0
    m_UV:
      m_NumItems: 0
      m_Range: 0
      m_Start: 0
      m_Data: 
      m_BitSize: 0
    m_Normals:
      m_NumItems: 0
      m_Range: 0
      m_Start: 0
      m_Data: 
      m_BitSize: 0
    m_Tangents:
      m_NumItems: 0
      m_Range: 0
      m_Start: 0
      m_Data: 
      m_BitSize: 0
    m_Weights:
      m_NumItems: 0
      m_Data: 
      m_BitSize: 0
    m_NormalSigns:
      m_NumItems: 0
      m_Data: 
      m_BitSize: 0
    m_TangentSigns:
      m_NumItems: 0
      m_Data: 
      m_BitSize: 0
    m_FloatColors:
      m_NumItems: 0
      m_Range: 0
      m_Start: 0
      m_Data: 
      m_BitSize: 0
    m_BoneIndices:
      m_NumItems: 0
      m_Data: 
      m_BitSize: 0
    m_Triangles:
      m_NumItems: 0
      m_Data: 
      m_BitSize: 0
    m_UVInfo: 0
  m_LocalAABB:
    m_Center: {x: 0, y: -3.5350003, z: 0}
    m_Extent: {x: 0.5, y: 4.735, z: 0}
  m_MeshUsageFlags: 0
  m_BakedConvexCollisionMesh: 
  m_BakedTriangleCollisionMesh: 
  m_MeshMetrics[0]: 1
  m_MeshMetrics[1]: 1
  m_MeshOptimizationFlags: 1
  m_StreamData:
    offset: 0
    size: 0
    path: 
--- !u!1001 &959787758
PrefabInstance:
  m_ObjectHideFlags: 0
  serializedVersion: 2
  m_Modification:
    m_TransformParent: {fileID: 0}
    m_Modifications:
    - target: {fileID: 3437265773780425873, guid: 9b4a3c0217c50bb46977ab07dc93a288,
        type: 3}
      propertyPath: m_Name
      value: Player
      objectReference: {fileID: 0}
    - target: {fileID: 3437265773780425834, guid: 9b4a3c0217c50bb46977ab07dc93a288,
        type: 3}
      propertyPath: m_LocalPosition.x
      value: -7.85
      objectReference: {fileID: 0}
    - target: {fileID: 3437265773780425834, guid: 9b4a3c0217c50bb46977ab07dc93a288,
        type: 3}
      propertyPath: m_LocalPosition.y
      value: -4.71
      objectReference: {fileID: 0}
    - target: {fileID: 3437265773780425834, guid: 9b4a3c0217c50bb46977ab07dc93a288,
        type: 3}
      propertyPath: m_LocalPosition.z
      value: 0
      objectReference: {fileID: 0}
    - target: {fileID: 3437265773780425834, guid: 9b4a3c0217c50bb46977ab07dc93a288,
        type: 3}
      propertyPath: m_LocalRotation.x
      value: 0
      objectReference: {fileID: 0}
    - target: {fileID: 3437265773780425834, guid: 9b4a3c0217c50bb46977ab07dc93a288,
        type: 3}
      propertyPath: m_LocalRotation.y
      value: 0
      objectReference: {fileID: 0}
    - target: {fileID: 3437265773780425834, guid: 9b4a3c0217c50bb46977ab07dc93a288,
        type: 3}
      propertyPath: m_LocalRotation.z
      value: 0
      objectReference: {fileID: 0}
    - target: {fileID: 3437265773780425834, guid: 9b4a3c0217c50bb46977ab07dc93a288,
        type: 3}
      propertyPath: m_LocalRotation.w
      value: 1
      objectReference: {fileID: 0}
    - target: {fileID: 3437265773780425834, guid: 9b4a3c0217c50bb46977ab07dc93a288,
        type: 3}
      propertyPath: m_RootOrder
      value: 9
      objectReference: {fileID: 0}
    - target: {fileID: 3437265773780425834, guid: 9b4a3c0217c50bb46977ab07dc93a288,
        type: 3}
      propertyPath: m_LocalEulerAnglesHint.x
      value: 0
      objectReference: {fileID: 0}
    - target: {fileID: 3437265773780425834, guid: 9b4a3c0217c50bb46977ab07dc93a288,
        type: 3}
      propertyPath: m_LocalEulerAnglesHint.y
      value: 0
      objectReference: {fileID: 0}
    - target: {fileID: 3437265773780425834, guid: 9b4a3c0217c50bb46977ab07dc93a288,
        type: 3}
      propertyPath: m_LocalEulerAnglesHint.z
      value: 0
      objectReference: {fileID: 0}
    m_RemovedComponents: []
  m_SourcePrefab: {fileID: 100100000, guid: 9b4a3c0217c50bb46977ab07dc93a288, type: 3}
--- !u!43 &1004558169
Mesh:
  m_ObjectHideFlags: 0
  m_CorrespondingSourceObject: {fileID: 0}
  m_PrefabInstance: {fileID: 0}
  m_PrefabAsset: {fileID: 0}
  m_Name: 
  serializedVersion: 10
  m_SubMeshes:
  - serializedVersion: 2
    firstByte: 0
    indexCount: 21
    topology: 0
    baseVertex: 0
    firstVertex: 0
    vertexCount: 9
    localAABB:
      m_Center: {x: 0.9762386, y: -0.11517817, z: 0}
      m_Extent: {x: 1.981553, y: 1.2294557, z: 0}
  m_Shapes:
    vertices: []
    shapes: []
    channels: []
    fullWeights: []
  m_BindPose: []
  m_BoneNameHashes: 
  m_RootBoneNameHash: 0
  m_BonesAABB: []
  m_VariableBoneCountWeights:
    m_Data: 
  m_MeshCompression: 0
  m_IsReadable: 1
  m_KeepVertices: 1
  m_KeepIndices: 1
  m_IndexFormat: 0
  m_IndexBuffer: 040001000700070005000400040002000100010008000700070006000500040003000200010000000800
  m_VertexData:
    serializedVersion: 3
    m_VertexCount: 9
    m_Channels:
    - stream: 0
      offset: 0
      format: 0
      dimension: 3
    - stream: 0
      offset: 0
      format: 0
      dimension: 0
    - stream: 0
      offset: 0
      format: 0
      dimension: 0
    - stream: 0
      offset: 0
      format: 0
      dimension: 0
    - stream: 0
      offset: 12
      format: 0
      dimension: 2
    - stream: 0
      offset: 0
      format: 0
      dimension: 0
    - stream: 0
      offset: 0
      format: 0
      dimension: 0
    - stream: 0
      offset: 0
      format: 0
      dimension: 0
    - stream: 0
      offset: 0
      format: 0
      dimension: 0
    - stream: 0
      offset: 0
      format: 0
      dimension: 0
    - stream: 0
      offset: 0
      format: 0
      dimension: 0
    - stream: 0
      offset: 0
      format: 0
      dimension: 0
    - stream: 0
      offset: 0
      format: 0
      dimension: 0
    - stream: 0
      offset: 0
      format: 0
      dimension: 0
    m_DataSize: 180
    _typelessdata: d0d093be60aa5c3f00000000d0d093be60aa5c3f24ae80bf801a7b3e0000000024ae80bf801a7b3e396332bfd0d022be00000000396332bfd0d022be88982fbfa4ebf6be0000000088982fbfa4ebf6bee007b43ef71cacbf00000000e007b43ef71cacbffe6e0e40606d31bf00000000fe6e0e40606d31bf754c3d404092f0be00000000754c3d404092f0be7a7734401c127a3e000000007a7734401c127a3e749c0a40a6a08e3f00000000749c0a40a6a08e3f
  m_CompressedMesh:
    m_Vertices:
      m_NumItems: 0
      m_Range: 0
      m_Start: 0
      m_Data: 
      m_BitSize: 0
    m_UV:
      m_NumItems: 0
      m_Range: 0
      m_Start: 0
      m_Data: 
      m_BitSize: 0
    m_Normals:
      m_NumItems: 0
      m_Range: 0
      m_Start: 0
      m_Data: 
      m_BitSize: 0
    m_Tangents:
      m_NumItems: 0
      m_Range: 0
      m_Start: 0
      m_Data: 
      m_BitSize: 0
    m_Weights:
      m_NumItems: 0
      m_Data: 
      m_BitSize: 0
    m_NormalSigns:
      m_NumItems: 0
      m_Data: 
      m_BitSize: 0
    m_TangentSigns:
      m_NumItems: 0
      m_Data: 
      m_BitSize: 0
    m_FloatColors:
      m_NumItems: 0
      m_Range: 0
      m_Start: 0
      m_Data: 
      m_BitSize: 0
    m_BoneIndices:
      m_NumItems: 0
      m_Data: 
      m_BitSize: 0
    m_Triangles:
      m_NumItems: 0
      m_Data: 
      m_BitSize: 0
    m_UVInfo: 0
  m_LocalAABB:
    m_Center: {x: 0.9762386, y: -0.11517817, z: 0}
    m_Extent: {x: 1.981553, y: 1.2294557, z: 0}
  m_MeshUsageFlags: 0
  m_BakedConvexCollisionMesh: 
  m_BakedTriangleCollisionMesh: 
  m_MeshMetrics[0]: 1
  m_MeshMetrics[1]: 1
  m_MeshOptimizationFlags: 1
  m_StreamData:
    offset: 0
    size: 0
    path: 
--- !u!1001 &1125978637
PrefabInstance:
  m_ObjectHideFlags: 0
  serializedVersion: 2
  m_Modification:
    m_TransformParent: {fileID: 0}
    m_Modifications:
    - target: {fileID: 8989783790444235329, guid: 045cabb90205ab64f9444bc64b7fa2a7,
        type: 3}
      propertyPath: m_Name
      value: Emitter
      objectReference: {fileID: 0}
    - target: {fileID: 8989783790444235329, guid: 045cabb90205ab64f9444bc64b7fa2a7,
        type: 3}
      propertyPath: m_IsActive
      value: 1
      objectReference: {fileID: 0}
    - target: {fileID: 8989783790444235332, guid: 045cabb90205ab64f9444bc64b7fa2a7,
        type: 3}
      propertyPath: m_LocalPosition.x
      value: -1.27
      objectReference: {fileID: 0}
    - target: {fileID: 8989783790444235332, guid: 045cabb90205ab64f9444bc64b7fa2a7,
        type: 3}
      propertyPath: m_LocalPosition.y
      value: 2.71
      objectReference: {fileID: 0}
    - target: {fileID: 8989783790444235332, guid: 045cabb90205ab64f9444bc64b7fa2a7,
        type: 3}
      propertyPath: m_LocalPosition.z
      value: 0
      objectReference: {fileID: 0}
    - target: {fileID: 8989783790444235332, guid: 045cabb90205ab64f9444bc64b7fa2a7,
        type: 3}
      propertyPath: m_LocalRotation.x
      value: 0
      objectReference: {fileID: 0}
    - target: {fileID: 8989783790444235332, guid: 045cabb90205ab64f9444bc64b7fa2a7,
        type: 3}
      propertyPath: m_LocalRotation.y
      value: 0
      objectReference: {fileID: 0}
    - target: {fileID: 8989783790444235332, guid: 045cabb90205ab64f9444bc64b7fa2a7,
        type: 3}
      propertyPath: m_LocalRotation.z
      value: 0
      objectReference: {fileID: 0}
    - target: {fileID: 8989783790444235332, guid: 045cabb90205ab64f9444bc64b7fa2a7,
        type: 3}
      propertyPath: m_LocalRotation.w
      value: 1
      objectReference: {fileID: 0}
    - target: {fileID: 8989783790444235332, guid: 045cabb90205ab64f9444bc64b7fa2a7,
        type: 3}
      propertyPath: m_RootOrder
      value: 0
      objectReference: {fileID: 0}
    - target: {fileID: 8989783790444235332, guid: 045cabb90205ab64f9444bc64b7fa2a7,
        type: 3}
      propertyPath: m_LocalEulerAnglesHint.x
      value: 0
      objectReference: {fileID: 0}
    - target: {fileID: 8989783790444235332, guid: 045cabb90205ab64f9444bc64b7fa2a7,
        type: 3}
      propertyPath: m_LocalEulerAnglesHint.y
      value: 0
      objectReference: {fileID: 0}
    - target: {fileID: 8989783790444235332, guid: 045cabb90205ab64f9444bc64b7fa2a7,
        type: 3}
      propertyPath: m_LocalEulerAnglesHint.z
      value: 0
      objectReference: {fileID: 0}
    m_RemovedComponents: []
  m_SourcePrefab: {fileID: 100100000, guid: 045cabb90205ab64f9444bc64b7fa2a7, type: 3}
--- !u!1 &1222906470 stripped
GameObject:
  m_CorrespondingSourceObject: {fileID: 6029720511107893009, guid: 003b2257ee5f67348bc220452c9c89df,
    type: 3}
  m_PrefabInstance: {fileID: 1485665204}
  m_PrefabAsset: {fileID: 0}
--- !u!1 &1371828777 stripped
GameObject:
  m_CorrespondingSourceObject: {fileID: 6001013765091654420, guid: 32328ae0d19f1bf44b811d6efa457c56,
    type: 3}
  m_PrefabInstance: {fileID: 12119416}
  m_PrefabAsset: {fileID: 0}
--- !u!1001 &1485665204
PrefabInstance:
  m_ObjectHideFlags: 0
  serializedVersion: 2
  m_Modification:
    m_TransformParent: {fileID: 0}
    m_Modifications:
    - target: {fileID: 6029720511107893009, guid: 003b2257ee5f67348bc220452c9c89df,
        type: 3}
      propertyPath: m_Name
      value: ShadowKey
      objectReference: {fileID: 0}
    - target: {fileID: 6029720511107893019, guid: 003b2257ee5f67348bc220452c9c89df,
        type: 3}
      propertyPath: m_LocalPosition.x
      value: -1.9719048
      objectReference: {fileID: 0}
    - target: {fileID: 6029720511107893019, guid: 003b2257ee5f67348bc220452c9c89df,
        type: 3}
      propertyPath: m_LocalPosition.y
      value: -4.266075
      objectReference: {fileID: 0}
    - target: {fileID: 6029720511107893019, guid: 003b2257ee5f67348bc220452c9c89df,
        type: 3}
      propertyPath: m_LocalPosition.z
      value: 0
      objectReference: {fileID: 0}
    - target: {fileID: 6029720511107893019, guid: 003b2257ee5f67348bc220452c9c89df,
        type: 3}
      propertyPath: m_LocalRotation.x
      value: -0
      objectReference: {fileID: 0}
    - target: {fileID: 6029720511107893019, guid: 003b2257ee5f67348bc220452c9c89df,
        type: 3}
      propertyPath: m_LocalRotation.y
      value: -0
      objectReference: {fileID: 0}
    - target: {fileID: 6029720511107893019, guid: 003b2257ee5f67348bc220452c9c89df,
        type: 3}
      propertyPath: m_LocalRotation.z
      value: -0
      objectReference: {fileID: 0}
    - target: {fileID: 6029720511107893019, guid: 003b2257ee5f67348bc220452c9c89df,
        type: 3}
      propertyPath: m_LocalRotation.w
      value: 1
      objectReference: {fileID: 0}
    - target: {fileID: 6029720511107893019, guid: 003b2257ee5f67348bc220452c9c89df,
        type: 3}
      propertyPath: m_RootOrder
      value: 3
      objectReference: {fileID: 0}
    - target: {fileID: 6029720511107893019, guid: 003b2257ee5f67348bc220452c9c89df,
        type: 3}
      propertyPath: m_LocalEulerAnglesHint.x
      value: 0
      objectReference: {fileID: 0}
    - target: {fileID: 6029720511107893019, guid: 003b2257ee5f67348bc220452c9c89df,
        type: 3}
      propertyPath: m_LocalEulerAnglesHint.y
      value: 0
      objectReference: {fileID: 0}
    - target: {fileID: 6029720511107893019, guid: 003b2257ee5f67348bc220452c9c89df,
        type: 3}
      propertyPath: m_LocalEulerAnglesHint.z
      value: 0
      objectReference: {fileID: 0}
    m_RemovedComponents: []
  m_SourcePrefab: {fileID: 100100000, guid: 003b2257ee5f67348bc220452c9c89df, type: 3}
--- !u!1001 &1587804528
PrefabInstance:
  m_ObjectHideFlags: 0
  serializedVersion: 2
  m_Modification:
    m_TransformParent: {fileID: 0}
    m_Modifications:
    - target: {fileID: 4101057730136228947, guid: 8b0f22e8abf67ad4686356a238f60e94,
        type: 3}
      propertyPath: m_Name
      value: LightWall (2)
      objectReference: {fileID: 0}
    - target: {fileID: 4101057730136228951, guid: 8b0f22e8abf67ad4686356a238f60e94,
        type: 3}
      propertyPath: m_LocalPosition.x
      value: 4.58
      objectReference: {fileID: 0}
    - target: {fileID: 4101057730136228951, guid: 8b0f22e8abf67ad4686356a238f60e94,
        type: 3}
      propertyPath: m_LocalPosition.y
      value: -1.25
      objectReference: {fileID: 0}
    - target: {fileID: 4101057730136228951, guid: 8b0f22e8abf67ad4686356a238f60e94,
        type: 3}
      propertyPath: m_LocalPosition.z
      value: 0
      objectReference: {fileID: 0}
    - target: {fileID: 4101057730136228951, guid: 8b0f22e8abf67ad4686356a238f60e94,
        type: 3}
      propertyPath: m_LocalRotation.x
      value: 0
      objectReference: {fileID: 0}
    - target: {fileID: 4101057730136228951, guid: 8b0f22e8abf67ad4686356a238f60e94,
        type: 3}
      propertyPath: m_LocalRotation.y
      value: 0
      objectReference: {fileID: 0}
    - target: {fileID: 4101057730136228951, guid: 8b0f22e8abf67ad4686356a238f60e94,
        type: 3}
      propertyPath: m_LocalRotation.z
      value: 0.7071068
      objectReference: {fileID: 0}
    - target: {fileID: 4101057730136228951, guid: 8b0f22e8abf67ad4686356a238f60e94,
        type: 3}
      propertyPath: m_LocalRotation.w
      value: 0.7071068
      objectReference: {fileID: 0}
    - target: {fileID: 4101057730136228951, guid: 8b0f22e8abf67ad4686356a238f60e94,
        type: 3}
      propertyPath: m_RootOrder
      value: 12
      objectReference: {fileID: 0}
    - target: {fileID: 4101057730136228951, guid: 8b0f22e8abf67ad4686356a238f60e94,
        type: 3}
      propertyPath: m_LocalEulerAnglesHint.x
      value: 0
      objectReference: {fileID: 0}
    - target: {fileID: 4101057730136228951, guid: 8b0f22e8abf67ad4686356a238f60e94,
        type: 3}
      propertyPath: m_LocalEulerAnglesHint.y
      value: 0
      objectReference: {fileID: 0}
    - target: {fileID: 4101057730136228951, guid: 8b0f22e8abf67ad4686356a238f60e94,
        type: 3}
      propertyPath: m_LocalEulerAnglesHint.z
      value: 90
      objectReference: {fileID: 0}
    - target: {fileID: 4101057730136228951, guid: 8b0f22e8abf67ad4686356a238f60e94,
        type: 3}
      propertyPath: m_LocalScale.x
      value: 1.5774983
      objectReference: {fileID: 0}
    - target: {fileID: 4101057730136228951, guid: 8b0f22e8abf67ad4686356a238f60e94,
        type: 3}
      propertyPath: m_LocalScale.y
      value: 1.5774983
      objectReference: {fileID: 0}
    - target: {fileID: 4101057730136228951, guid: 8b0f22e8abf67ad4686356a238f60e94,
        type: 3}
      propertyPath: m_LocalScale.z
      value: 1.5774983
      objectReference: {fileID: 0}
    m_RemovedComponents: []
  m_SourcePrefab: {fileID: 100100000, guid: 8b0f22e8abf67ad4686356a238f60e94, type: 3}
--- !u!1001 &1599066697
PrefabInstance:
  m_ObjectHideFlags: 0
  serializedVersion: 2
  m_Modification:
    m_TransformParent: {fileID: 0}
    m_Modifications:
    - target: {fileID: 6443933595063252538, guid: af016763081fd4b42a3a84452ddeded9,
        type: 3}
      propertyPath: m_Name
      value: LightDoor
      objectReference: {fileID: 0}
    - target: {fileID: 6443933595063252512, guid: af016763081fd4b42a3a84452ddeded9,
        type: 3}
      propertyPath: m_LocalPosition.x
      value: 7.05
      objectReference: {fileID: 0}
    - target: {fileID: 6443933595063252512, guid: af016763081fd4b42a3a84452ddeded9,
        type: 3}
      propertyPath: m_LocalPosition.y
      value: -4.68
      objectReference: {fileID: 0}
    - target: {fileID: 6443933595063252512, guid: af016763081fd4b42a3a84452ddeded9,
        type: 3}
      propertyPath: m_LocalPosition.z
      value: 0
      objectReference: {fileID: 0}
    - target: {fileID: 6443933595063252512, guid: af016763081fd4b42a3a84452ddeded9,
        type: 3}
      propertyPath: m_LocalRotation.x
      value: 0
      objectReference: {fileID: 0}
    - target: {fileID: 6443933595063252512, guid: af016763081fd4b42a3a84452ddeded9,
        type: 3}
      propertyPath: m_LocalRotation.y
      value: 0
      objectReference: {fileID: 0}
    - target: {fileID: 6443933595063252512, guid: af016763081fd4b42a3a84452ddeded9,
        type: 3}
      propertyPath: m_LocalRotation.z
      value: 0
      objectReference: {fileID: 0}
    - target: {fileID: 6443933595063252512, guid: af016763081fd4b42a3a84452ddeded9,
        type: 3}
      propertyPath: m_LocalRotation.w
      value: 1
      objectReference: {fileID: 0}
    - target: {fileID: 6443933595063252512, guid: af016763081fd4b42a3a84452ddeded9,
        type: 3}
      propertyPath: m_RootOrder
      value: 4
      objectReference: {fileID: 0}
    - target: {fileID: 6443933595063252512, guid: af016763081fd4b42a3a84452ddeded9,
        type: 3}
      propertyPath: m_LocalEulerAnglesHint.x
      value: 0
      objectReference: {fileID: 0}
    - target: {fileID: 6443933595063252512, guid: af016763081fd4b42a3a84452ddeded9,
        type: 3}
      propertyPath: m_LocalEulerAnglesHint.y
      value: 0
      objectReference: {fileID: 0}
    - target: {fileID: 6443933595063252512, guid: af016763081fd4b42a3a84452ddeded9,
        type: 3}
      propertyPath: m_LocalEulerAnglesHint.z
      value: 0
      objectReference: {fileID: 0}
    - target: {fileID: 6443933595063252542, guid: af016763081fd4b42a3a84452ddeded9,
        type: 3}
      propertyPath: _keys.Array.size
      value: 2
      objectReference: {fileID: 0}
    - target: {fileID: 6443933595063252542, guid: af016763081fd4b42a3a84452ddeded9,
        type: 3}
      propertyPath: _keys.Array.data[0]
      value: 
      objectReference: {fileID: 1371828777}
    - target: {fileID: 6443933595063252542, guid: af016763081fd4b42a3a84452ddeded9,
        type: 3}
      propertyPath: _keys.Array.data[1]
      value: 
      objectReference: {fileID: 1222906470}
    - target: {fileID: 6443933595063252542, guid: af016763081fd4b42a3a84452ddeded9,
        type: 3}
      propertyPath: _destination
      value: Level_10
      objectReference: {fileID: 0}
    m_RemovedComponents: []
  m_SourcePrefab: {fileID: 100100000, guid: af016763081fd4b42a3a84452ddeded9, type: 3}
--- !u!43 &1653305850
Mesh:
  m_ObjectHideFlags: 0
  m_CorrespondingSourceObject: {fileID: 0}
  m_PrefabInstance: {fileID: 0}
  m_PrefabAsset: {fileID: 0}
  m_Name: 
  serializedVersion: 10
  m_SubMeshes:
  - serializedVersion: 2
    firstByte: 0
    indexCount: 18
    topology: 0
    baseVertex: 0
    firstVertex: 0
    vertexCount: 8
    localAABB:
      m_Center: {x: 1.1656182, y: 0.2366066, z: 0}
      m_Extent: {x: 1.6541741, y: 0.9296818, z: 0}
  m_Shapes:
    vertices: []
    shapes: []
    channels: []
    fullWeights: []
  m_BindPose: []
  m_BoneNameHashes: 
  m_RootBoneNameHash: 0
  m_BonesAABB: []
  m_VariableBoneCountWeights:
    m_Data: 
  m_MeshCompression: 0
  m_IsReadable: 1
  m_KeepVertices: 1
  m_KeepIndices: 1
  m_IndexFormat: 0
  m_IndexBuffer: 070005000300030001000700070006000500050004000300030002000100010000000700
  m_VertexData:
    serializedVersion: 3
    m_VertexCount: 8
    m_Channels:
    - stream: 0
      offset: 0
      format: 0
      dimension: 3
    - stream: 0
      offset: 0
      format: 0
      dimension: 0
    - stream: 0
      offset: 0
      format: 0
      dimension: 0
    - stream: 0
      offset: 0
      format: 0
      dimension: 0
    - stream: 0
      offset: 12
      format: 0
      dimension: 2
    - stream: 0
      offset: 0
      format: 0
      dimension: 0
    - stream: 0
      offset: 0
      format: 0
      dimension: 0
    - stream: 0
      offset: 0
      format: 0
      dimension: 0
    - stream: 0
      offset: 0
      format: 0
      dimension: 0
    - stream: 0
      offset: 0
      format: 0
      dimension: 0
    - stream: 0
      offset: 0
      format: 0
      dimension: 0
    - stream: 0
      offset: 0
      format: 0
      dimension: 0
    - stream: 0
      offset: 0
      format: 0
      dimension: 0
    - stream: 0
      offset: 0
      format: 0
      dimension: 0
    m_DataSize: 160
    _typelessdata: 6e88993ef048953f000000006e88993ef048953f0024fabe1ee7003f000000000024fabe1ee7003ff278d4be688681be00000000f278d4be688681be00a9e7bc528e1fbf0000000000a9e7bc528e1fbffe6e0e40606d31bf00000000fe6e0e40606d31bfc7442e40887228be00000000c7442e40887228be7a7734401c127a3e000000007a7734401c127a3e749c0a40a6a08e3f00000000749c0a40a6a08e3f
  m_CompressedMesh:
    m_Vertices:
      m_NumItems: 0
      m_Range: 0
      m_Start: 0
      m_Data: 
      m_BitSize: 0
    m_UV:
      m_NumItems: 0
      m_Range: 0
      m_Start: 0
      m_Data: 
      m_BitSize: 0
    m_Normals:
      m_NumItems: 0
      m_Range: 0
      m_Start: 0
      m_Data: 
      m_BitSize: 0
    m_Tangents:
      m_NumItems: 0
      m_Range: 0
      m_Start: 0
      m_Data: 
      m_BitSize: 0
    m_Weights:
      m_NumItems: 0
      m_Data: 
      m_BitSize: 0
    m_NormalSigns:
      m_NumItems: 0
      m_Data: 
      m_BitSize: 0
    m_TangentSigns:
      m_NumItems: 0
      m_Data: 
      m_BitSize: 0
    m_FloatColors:
      m_NumItems: 0
      m_Range: 0
      m_Start: 0
      m_Data: 
      m_BitSize: 0
    m_BoneIndices:
      m_NumItems: 0
      m_Data: 
      m_BitSize: 0
    m_Triangles:
      m_NumItems: 0
      m_Data: 
      m_BitSize: 0
    m_UVInfo: 0
  m_LocalAABB:
    m_Center: {x: 1.1656182, y: 0.2366066, z: 0}
    m_Extent: {x: 1.6541741, y: 0.9296818, z: 0}
  m_MeshUsageFlags: 0
  m_BakedConvexCollisionMesh: 
  m_BakedTriangleCollisionMesh: 
  m_MeshMetrics[0]: 1
  m_MeshMetrics[1]: 1
  m_MeshOptimizationFlags: 1
  m_StreamData:
    offset: 0
    size: 0
    path: 
--- !u!1001 &1658735500
PrefabInstance:
  m_ObjectHideFlags: 0
  serializedVersion: 2
  m_Modification:
    m_TransformParent: {fileID: 0}
    m_Modifications:
    - target: {fileID: 1434624556035979057, guid: 79a85f08d39075c45a81ba80ab56b9bd,
        type: 3}
      propertyPath: m_Name
      value: lightBG
      objectReference: {fileID: 0}
    - target: {fileID: 1434624556035979059, guid: 79a85f08d39075c45a81ba80ab56b9bd,
        type: 3}
      propertyPath: m_LocalPosition.x
      value: 2.09
      objectReference: {fileID: 0}
    - target: {fileID: 1434624556035979059, guid: 79a85f08d39075c45a81ba80ab56b9bd,
        type: 3}
      propertyPath: m_LocalPosition.y
      value: -0.05
      objectReference: {fileID: 0}
    - target: {fileID: 1434624556035979059, guid: 79a85f08d39075c45a81ba80ab56b9bd,
        type: 3}
      propertyPath: m_LocalPosition.z
      value: 0.09
      objectReference: {fileID: 0}
    - target: {fileID: 1434624556035979059, guid: 79a85f08d39075c45a81ba80ab56b9bd,
        type: 3}
      propertyPath: m_LocalRotation.x
      value: 0
      objectReference: {fileID: 0}
    - target: {fileID: 1434624556035979059, guid: 79a85f08d39075c45a81ba80ab56b9bd,
        type: 3}
      propertyPath: m_LocalRotation.y
      value: 0
      objectReference: {fileID: 0}
    - target: {fileID: 1434624556035979059, guid: 79a85f08d39075c45a81ba80ab56b9bd,
        type: 3}
      propertyPath: m_LocalRotation.z
      value: 0
      objectReference: {fileID: 0}
    - target: {fileID: 1434624556035979059, guid: 79a85f08d39075c45a81ba80ab56b9bd,
        type: 3}
      propertyPath: m_LocalRotation.w
      value: 1
      objectReference: {fileID: 0}
    - target: {fileID: 1434624556035979059, guid: 79a85f08d39075c45a81ba80ab56b9bd,
        type: 3}
      propertyPath: m_RootOrder
      value: 5
      objectReference: {fileID: 0}
    - target: {fileID: 1434624556035979059, guid: 79a85f08d39075c45a81ba80ab56b9bd,
        type: 3}
      propertyPath: m_LocalEulerAnglesHint.x
      value: 0
      objectReference: {fileID: 0}
    - target: {fileID: 1434624556035979059, guid: 79a85f08d39075c45a81ba80ab56b9bd,
        type: 3}
      propertyPath: m_LocalEulerAnglesHint.y
      value: 0
      objectReference: {fileID: 0}
    - target: {fileID: 1434624556035979059, guid: 79a85f08d39075c45a81ba80ab56b9bd,
        type: 3}
      propertyPath: m_LocalEulerAnglesHint.z
      value: 0
      objectReference: {fileID: 0}
    m_RemovedComponents: []
  m_SourcePrefab: {fileID: 100100000, guid: 79a85f08d39075c45a81ba80ab56b9bd, type: 3}
--- !u!1001 &1796132724
PrefabInstance:
  m_ObjectHideFlags: 0
  serializedVersion: 2
  m_Modification:
    m_TransformParent: {fileID: 0}
    m_Modifications:
    - target: {fileID: 4664608179390407356, guid: 9e345db47180f254f924aa2a9a605c4d,
        type: 3}
      propertyPath: m_Name
      value: Polygon
      objectReference: {fileID: 0}
    - target: {fileID: 4664608179390407331, guid: 9e345db47180f254f924aa2a9a605c4d,
        type: 3}
      propertyPath: m_LocalPosition.x
      value: 2.53
      objectReference: {fileID: 0}
    - target: {fileID: 4664608179390407331, guid: 9e345db47180f254f924aa2a9a605c4d,
        type: 3}
      propertyPath: m_LocalPosition.y
      value: 0.85
      objectReference: {fileID: 0}
    - target: {fileID: 4664608179390407331, guid: 9e345db47180f254f924aa2a9a605c4d,
        type: 3}
      propertyPath: m_LocalPosition.z
      value: 0
      objectReference: {fileID: 0}
    - target: {fileID: 4664608179390407331, guid: 9e345db47180f254f924aa2a9a605c4d,
        type: 3}
      propertyPath: m_LocalRotation.x
      value: 0
      objectReference: {fileID: 0}
    - target: {fileID: 4664608179390407331, guid: 9e345db47180f254f924aa2a9a605c4d,
        type: 3}
      propertyPath: m_LocalRotation.y
      value: 0
      objectReference: {fileID: 0}
    - target: {fileID: 4664608179390407331, guid: 9e345db47180f254f924aa2a9a605c4d,
        type: 3}
      propertyPath: m_LocalRotation.z
      value: 0
      objectReference: {fileID: 0}
    - target: {fileID: 4664608179390407331, guid: 9e345db47180f254f924aa2a9a605c4d,
        type: 3}
      propertyPath: m_LocalRotation.w
      value: 1
      objectReference: {fileID: 0}
    - target: {fileID: 4664608179390407331, guid: 9e345db47180f254f924aa2a9a605c4d,
        type: 3}
      propertyPath: m_RootOrder
      value: 6
      objectReference: {fileID: 0}
    - target: {fileID: 4664608179390407331, guid: 9e345db47180f254f924aa2a9a605c4d,
        type: 3}
      propertyPath: m_LocalEulerAnglesHint.x
      value: 0
      objectReference: {fileID: 0}
    - target: {fileID: 4664608179390407331, guid: 9e345db47180f254f924aa2a9a605c4d,
        type: 3}
      propertyPath: m_LocalEulerAnglesHint.y
      value: 0
      objectReference: {fileID: 0}
    - target: {fileID: 4664608179390407331, guid: 9e345db47180f254f924aa2a9a605c4d,
        type: 3}
      propertyPath: m_LocalEulerAnglesHint.z
      value: 0
      objectReference: {fileID: 0}
    - target: {fileID: 4664608179390407329, guid: 9e345db47180f254f924aa2a9a605c4d,
        type: 3}
      propertyPath: m_Mesh
      value: 
      objectReference: {fileID: 1653305850}
    - target: {fileID: 4664608179390407357, guid: 9e345db47180f254f924aa2a9a605c4d,
        type: 3}
      propertyPath: m_Points.m_Paths.Array.data[0].Array.size
      value: 8
      objectReference: {fileID: 0}
    - target: {fileID: 4664608179390407357, guid: 9e345db47180f254f924aa2a9a605c4d,
        type: 3}
      propertyPath: m_Points.m_Paths.Array.data[0].Array.data[5].x
      value: 2.7229478
      objectReference: {fileID: 0}
    - target: {fileID: 4664608179390407357, guid: 9e345db47180f254f924aa2a9a605c4d,
        type: 3}
      propertyPath: m_Points.m_Paths.Array.data[0].Array.data[5].y
      value: -0.1644994
      objectReference: {fileID: 0}
    - target: {fileID: 4664608179390407357, guid: 9e345db47180f254f924aa2a9a605c4d,
        type: 3}
      propertyPath: m_Points.m_Paths.Array.data[0].Array.data[4].x
      value: 2.2255244
      objectReference: {fileID: 0}
    - target: {fileID: 4664608179390407357, guid: 9e345db47180f254f924aa2a9a605c4d,
        type: 3}
      propertyPath: m_Points.m_Paths.Array.data[0].Array.data[4].y
      value: -0.6930752
      objectReference: {fileID: 0}
    - target: {fileID: 4664608179390407357, guid: 9e345db47180f254f924aa2a9a605c4d,
        type: 3}
      propertyPath: m_Points.m_Paths.Array.data[0].Array.data[2].x
      value: -0.41498524
      objectReference: {fileID: 0}
    - target: {fileID: 4664608179390407357, guid: 9e345db47180f254f924aa2a9a605c4d,
        type: 3}
      propertyPath: m_Points.m_Paths.Array.data[0].Array.data[2].y
      value: -0.25297856
      objectReference: {fileID: 0}
    - target: {fileID: 4664608179390407357, guid: 9e345db47180f254f924aa2a9a605c4d,
        type: 3}
      propertyPath: m_Points.m_Paths.Array.data[0].Array.data[1].x
      value: -0.4885559
      objectReference: {fileID: 0}
    - target: {fileID: 4664608179390407357, guid: 9e345db47180f254f924aa2a9a605c4d,
        type: 3}
      propertyPath: m_Points.m_Paths.Array.data[0].Array.data[1].y
      value: 0.50352657
      objectReference: {fileID: 0}
    - target: {fileID: 4664608179390407357, guid: 9e345db47180f254f924aa2a9a605c4d,
        type: 3}
      propertyPath: m_Points.m_Paths.Array.data[0].Array.data[0].x
      value: 0.299869
      objectReference: {fileID: 0}
    - target: {fileID: 4664608179390407357, guid: 9e345db47180f254f924aa2a9a605c4d,
        type: 3}
      propertyPath: m_Points.m_Paths.Array.data[0].Array.data[0].y
      value: 1.1662884
      objectReference: {fileID: 0}
    - target: {fileID: 4664608179390407357, guid: 9e345db47180f254f924aa2a9a605c4d,
        type: 3}
      propertyPath: m_Points.m_Paths.Array.data[0].Array.data[3].x
      value: -0.028278828
      objectReference: {fileID: 0}
    - target: {fileID: 4664608179390407357, guid: 9e345db47180f254f924aa2a9a605c4d,
        type: 3}
      propertyPath: m_Points.m_Paths.Array.data[0].Array.data[3].y
      value: -0.6232654
      objectReference: {fileID: 0}
    - target: {fileID: 4664608179390407357, guid: 9e345db47180f254f924aa2a9a605c4d,
        type: 3}
      propertyPath: m_Points.m_Paths.Array.data[0].Array.data[6].x
      value: 2.8197923
      objectReference: {fileID: 0}
    - target: {fileID: 4664608179390407357, guid: 9e345db47180f254f924aa2a9a605c4d,
        type: 3}
      propertyPath: m_Points.m_Paths.Array.data[0].Array.data[6].y
      value: 0.2442097
      objectReference: {fileID: 0}
    - target: {fileID: 4664608179390407357, guid: 9e345db47180f254f924aa2a9a605c4d,
        type: 3}
      propertyPath: m_Points.m_Paths.Array.data[0].Array.data[7].x
      value: 2.1657991
      objectReference: {fileID: 0}
    - target: {fileID: 4664608179390407357, guid: 9e345db47180f254f924aa2a9a605c4d,
        type: 3}
      propertyPath: m_Points.m_Paths.Array.data[0].Array.data[7].y
      value: 1.1142776
      objectReference: {fileID: 0}
    m_RemovedComponents: []
  m_SourcePrefab: {fileID: 100100000, guid: 9e345db47180f254f924aa2a9a605c4d, type: 3}
--- !u!1001 &1999257075
PrefabInstance:
  m_ObjectHideFlags: 0
  serializedVersion: 2
  m_Modification:
    m_TransformParent: {fileID: 0}
    m_Modifications:
    - target: {fileID: 4150415766016769953, guid: b231fd1b9c9e53841a655061bdf08fd1,
        type: 3}
      propertyPath: m_Name
      value: Walls
      objectReference: {fileID: 0}
    - target: {fileID: 5414953598095148834, guid: b231fd1b9c9e53841a655061bdf08fd1,
        type: 3}
      propertyPath: m_LocalPosition.x
      value: -7.028168
      objectReference: {fileID: 0}
    - target: {fileID: 5414953598095148834, guid: b231fd1b9c9e53841a655061bdf08fd1,
        type: 3}
      propertyPath: m_LocalPosition.y
      value: 1.5868562
      objectReference: {fileID: 0}
    - target: {fileID: 5414953598095148834, guid: b231fd1b9c9e53841a655061bdf08fd1,
        type: 3}
      propertyPath: m_LocalPosition.z
      value: -5.711918
      objectReference: {fileID: 0}
    - target: {fileID: 5414953598095148834, guid: b231fd1b9c9e53841a655061bdf08fd1,
        type: 3}
      propertyPath: m_LocalRotation.x
      value: 0
      objectReference: {fileID: 0}
    - target: {fileID: 5414953598095148834, guid: b231fd1b9c9e53841a655061bdf08fd1,
        type: 3}
      propertyPath: m_LocalRotation.y
      value: 0
      objectReference: {fileID: 0}
    - target: {fileID: 5414953598095148834, guid: b231fd1b9c9e53841a655061bdf08fd1,
        type: 3}
      propertyPath: m_LocalRotation.z
      value: 0
      objectReference: {fileID: 0}
    - target: {fileID: 5414953598095148834, guid: b231fd1b9c9e53841a655061bdf08fd1,
        type: 3}
      propertyPath: m_LocalRotation.w
      value: 1
      objectReference: {fileID: 0}
    - target: {fileID: 5414953598095148834, guid: b231fd1b9c9e53841a655061bdf08fd1,
        type: 3}
      propertyPath: m_RootOrder
      value: 11
      objectReference: {fileID: 0}
    - target: {fileID: 5414953598095148834, guid: b231fd1b9c9e53841a655061bdf08fd1,
        type: 3}
      propertyPath: m_LocalEulerAnglesHint.x
      value: 0
      objectReference: {fileID: 0}
    - target: {fileID: 5414953598095148834, guid: b231fd1b9c9e53841a655061bdf08fd1,
        type: 3}
      propertyPath: m_LocalEulerAnglesHint.y
      value: 0
      objectReference: {fileID: 0}
    - target: {fileID: 5414953598095148834, guid: b231fd1b9c9e53841a655061bdf08fd1,
        type: 3}
      propertyPath: m_LocalEulerAnglesHint.z
      value: 0
      objectReference: {fileID: 0}
    - target: {fileID: 2311834606579367857, guid: b231fd1b9c9e53841a655061bdf08fd1,
        type: 3}
      propertyPath: m_Mesh
      value: 
      objectReference: {fileID: 905579439}
    - target: {fileID: 1427501423920640569, guid: b231fd1b9c9e53841a655061bdf08fd1,
        type: 3}
      propertyPath: m_Mesh
      value: 
      objectReference: {fileID: 307532386}
    - target: {fileID: 2522909513825478592, guid: b231fd1b9c9e53841a655061bdf08fd1,
        type: 3}
      propertyPath: m_Mesh
      value: 
      objectReference: {fileID: 2106476189}
    - target: {fileID: 3837834698254184852, guid: b231fd1b9c9e53841a655061bdf08fd1,
        type: 3}
      propertyPath: m_Mesh
      value: 
      objectReference: {fileID: 942543019}
    m_RemovedComponents: []
  m_SourcePrefab: {fileID: 100100000, guid: b231fd1b9c9e53841a655061bdf08fd1, type: 3}
--- !u!1001 &2058862464
PrefabInstance:
  m_ObjectHideFlags: 0
  serializedVersion: 2
  m_Modification:
    m_TransformParent: {fileID: 0}
    m_Modifications:
    - target: {fileID: 6559525540558278607, guid: 1bf5ce9af7c215b4ab1983d0c159f2fb,
        type: 3}
      propertyPath: m_Name
      value: ShadowWall (2)
      objectReference: {fileID: 0}
    - target: {fileID: 6559525540558278603, guid: 1bf5ce9af7c215b4ab1983d0c159f2fb,
        type: 3}
      propertyPath: m_LocalPosition.x
      value: -3.23
      objectReference: {fileID: 0}
    - target: {fileID: 6559525540558278603, guid: 1bf5ce9af7c215b4ab1983d0c159f2fb,
        type: 3}
      propertyPath: m_LocalPosition.y
      value: -3.82
      objectReference: {fileID: 0}
    - target: {fileID: 6559525540558278603, guid: 1bf5ce9af7c215b4ab1983d0c159f2fb,
        type: 3}
      propertyPath: m_LocalPosition.z
      value: 0
      objectReference: {fileID: 0}
    - target: {fileID: 6559525540558278603, guid: 1bf5ce9af7c215b4ab1983d0c159f2fb,
        type: 3}
      propertyPath: m_LocalRotation.x
      value: -0
      objectReference: {fileID: 0}
    - target: {fileID: 6559525540558278603, guid: 1bf5ce9af7c215b4ab1983d0c159f2fb,
        type: 3}
      propertyPath: m_LocalRotation.y
      value: -0
      objectReference: {fileID: 0}
    - target: {fileID: 6559525540558278603, guid: 1bf5ce9af7c215b4ab1983d0c159f2fb,
        type: 3}
      propertyPath: m_LocalRotation.z
      value: 0.70932525
      objectReference: {fileID: 0}
    - target: {fileID: 6559525540558278603, guid: 1bf5ce9af7c215b4ab1983d0c159f2fb,
        type: 3}
      propertyPath: m_LocalRotation.w
      value: 0.7048814
      objectReference: {fileID: 0}
    - target: {fileID: 6559525540558278603, guid: 1bf5ce9af7c215b4ab1983d0c159f2fb,
        type: 3}
      propertyPath: m_RootOrder
      value: 16
      objectReference: {fileID: 0}
    - target: {fileID: 6559525540558278603, guid: 1bf5ce9af7c215b4ab1983d0c159f2fb,
        type: 3}
      propertyPath: m_LocalEulerAnglesHint.x
      value: 0
      objectReference: {fileID: 0}
    - target: {fileID: 6559525540558278603, guid: 1bf5ce9af7c215b4ab1983d0c159f2fb,
        type: 3}
      propertyPath: m_LocalEulerAnglesHint.y
      value: 0
      objectReference: {fileID: 0}
    - target: {fileID: 6559525540558278603, guid: 1bf5ce9af7c215b4ab1983d0c159f2fb,
        type: 3}
      propertyPath: m_LocalEulerAnglesHint.z
      value: 90.36
      objectReference: {fileID: 0}
    - target: {fileID: 6559525540558278603, guid: 1bf5ce9af7c215b4ab1983d0c159f2fb,
        type: 3}
      propertyPath: m_LocalScale.x
      value: 0.8648388
      objectReference: {fileID: 0}
    - target: {fileID: 6559525540558278603, guid: 1bf5ce9af7c215b4ab1983d0c159f2fb,
        type: 3}
      propertyPath: m_LocalScale.y
      value: 0.8648388
      objectReference: {fileID: 0}
    - target: {fileID: 6559525540558278603, guid: 1bf5ce9af7c215b4ab1983d0c159f2fb,
        type: 3}
      propertyPath: m_LocalScale.z
      value: 0.8648388
      objectReference: {fileID: 0}
    m_RemovedComponents: []
  m_SourcePrefab: {fileID: 100100000, guid: 1bf5ce9af7c215b4ab1983d0c159f2fb, type: 3}
--- !u!1001 &2092449533
PrefabInstance:
  m_ObjectHideFlags: 0
  serializedVersion: 2
  m_Modification:
    m_TransformParent: {fileID: 0}
    m_Modifications:
    - target: {fileID: 4664608179390407356, guid: 9e345db47180f254f924aa2a9a605c4d,
        type: 3}
      propertyPath: m_Name
      value: Polygon (1)
      objectReference: {fileID: 0}
    - target: {fileID: 4664608179390407331, guid: 9e345db47180f254f924aa2a9a605c4d,
        type: 3}
      propertyPath: m_LocalPosition.x
      value: -5.52
      objectReference: {fileID: 0}
    - target: {fileID: 4664608179390407331, guid: 9e345db47180f254f924aa2a9a605c4d,
        type: 3}
      propertyPath: m_LocalPosition.y
      value: -0.16
      objectReference: {fileID: 0}
    - target: {fileID: 4664608179390407331, guid: 9e345db47180f254f924aa2a9a605c4d,
        type: 3}
      propertyPath: m_LocalPosition.z
      value: 0
      objectReference: {fileID: 0}
    - target: {fileID: 4664608179390407331, guid: 9e345db47180f254f924aa2a9a605c4d,
        type: 3}
      propertyPath: m_LocalRotation.x
      value: 0
      objectReference: {fileID: 0}
    - target: {fileID: 4664608179390407331, guid: 9e345db47180f254f924aa2a9a605c4d,
        type: 3}
      propertyPath: m_LocalRotation.y
      value: 0
      objectReference: {fileID: 0}
    - target: {fileID: 4664608179390407331, guid: 9e345db47180f254f924aa2a9a605c4d,
        type: 3}
      propertyPath: m_LocalRotation.z
      value: 0
      objectReference: {fileID: 0}
    - target: {fileID: 4664608179390407331, guid: 9e345db47180f254f924aa2a9a605c4d,
        type: 3}
      propertyPath: m_LocalRotation.w
      value: 1
      objectReference: {fileID: 0}
    - target: {fileID: 4664608179390407331, guid: 9e345db47180f254f924aa2a9a605c4d,
        type: 3}
      propertyPath: m_RootOrder
      value: 14
      objectReference: {fileID: 0}
    - target: {fileID: 4664608179390407331, guid: 9e345db47180f254f924aa2a9a605c4d,
        type: 3}
      propertyPath: m_LocalEulerAnglesHint.x
      value: 0
      objectReference: {fileID: 0}
    - target: {fileID: 4664608179390407331, guid: 9e345db47180f254f924aa2a9a605c4d,
        type: 3}
      propertyPath: m_LocalEulerAnglesHint.y
      value: 0
      objectReference: {fileID: 0}
    - target: {fileID: 4664608179390407331, guid: 9e345db47180f254f924aa2a9a605c4d,
        type: 3}
      propertyPath: m_LocalEulerAnglesHint.z
      value: 0
      objectReference: {fileID: 0}
    - target: {fileID: 4664608179390407329, guid: 9e345db47180f254f924aa2a9a605c4d,
        type: 3}
      propertyPath: m_Mesh
      value: 
      objectReference: {fileID: 1004558169}
    - target: {fileID: 4664608179390407357, guid: 9e345db47180f254f924aa2a9a605c4d,
        type: 3}
      propertyPath: m_Points.m_Paths.Array.data[0].Array.size
      value: 9
      objectReference: {fileID: 0}
    - target: {fileID: 4664608179390407357, guid: 9e345db47180f254f924aa2a9a605c4d,
        type: 3}
      propertyPath: m_Points.m_Paths.Array.data[0].Array.data[5].x
      value: 2.2255244
      objectReference: {fileID: 0}
    - target: {fileID: 4664608179390407357, guid: 9e345db47180f254f924aa2a9a605c4d,
        type: 3}
      propertyPath: m_Points.m_Paths.Array.data[0].Array.data[5].y
      value: -0.6930752
      objectReference: {fileID: 0}
    - target: {fileID: 4664608179390407357, guid: 9e345db47180f254f924aa2a9a605c4d,
        type: 3}
      propertyPath: m_Points.m_Paths.Array.data[0].Array.data[4].x
      value: 0.35162258
      objectReference: {fileID: 0}
    - target: {fileID: 4664608179390407357, guid: 9e345db47180f254f924aa2a9a605c4d,
        type: 3}
      propertyPath: m_Points.m_Paths.Array.data[0].Array.data[4].y
      value: -1.3446339
      objectReference: {fileID: 0}
    - target: {fileID: 4664608179390407357, guid: 9e345db47180f254f924aa2a9a605c4d,
        type: 3}
      propertyPath: m_Points.m_Paths.Array.data[0].Array.data[2].x
      value: -0.6968265
      objectReference: {fileID: 0}
    - target: {fileID: 4664608179390407357, guid: 9e345db47180f254f924aa2a9a605c4d,
        type: 3}
      propertyPath: m_Points.m_Paths.Array.data[0].Array.data[2].y
      value: -0.15899968
      objectReference: {fileID: 0}
    - target: {fileID: 4664608179390407357, guid: 9e345db47180f254f924aa2a9a605c4d,
        type: 3}
      propertyPath: m_Points.m_Paths.Array.data[0].Array.data[1].x
      value: -1.0053144
      objectReference: {fileID: 0}
    - target: {fileID: 4664608179390407357, guid: 9e345db47180f254f924aa2a9a605c4d,
        type: 3}
      propertyPath: m_Points.m_Paths.Array.data[0].Array.data[1].y
      value: 0.24521828
      objectReference: {fileID: 0}
    - target: {fileID: 4664608179390407357, guid: 9e345db47180f254f924aa2a9a605c4d,
        type: 3}
      propertyPath: m_Points.m_Paths.Array.data[0].Array.data[0].x
      value: -0.2887025
      objectReference: {fileID: 0}
    - target: {fileID: 4664608179390407357, guid: 9e345db47180f254f924aa2a9a605c4d,
        type: 3}
      propertyPath: m_Points.m_Paths.Array.data[0].Array.data[0].y
      value: 0.8619747
      objectReference: {fileID: 0}
    - target: {fileID: 4664608179390407357, guid: 9e345db47180f254f924aa2a9a605c4d,
        type: 3}
      propertyPath: m_Points.m_Paths.Array.data[0].Array.data[3].x
      value: -0.6859212
      objectReference: {fileID: 0}
    - target: {fileID: 4664608179390407357, guid: 9e345db47180f254f924aa2a9a605c4d,
        type: 3}
      propertyPath: m_Points.m_Paths.Array.data[0].Array.data[3].y
      value: -0.48226655
      objectReference: {fileID: 0}
    - target: {fileID: 4664608179390407357, guid: 9e345db47180f254f924aa2a9a605c4d,
        type: 3}
      propertyPath: m_Points.m_Paths.Array.data[0].Array.data[6].x
      value: 2.9577916
      objectReference: {fileID: 0}
    - target: {fileID: 4664608179390407357, guid: 9e345db47180f254f924aa2a9a605c4d,
        type: 3}
      propertyPath: m_Points.m_Paths.Array.data[0].Array.data[6].y
      value: -0.4698658
      objectReference: {fileID: 0}
    - target: {fileID: 4664608179390407357, guid: 9e345db47180f254f924aa2a9a605c4d,
        type: 3}
      propertyPath: m_Points.m_Paths.Array.data[0].Array.data[7].x
      value: 2.8197923
      objectReference: {fileID: 0}
    - target: {fileID: 4664608179390407357, guid: 9e345db47180f254f924aa2a9a605c4d,
        type: 3}
      propertyPath: m_Points.m_Paths.Array.data[0].Array.data[7].y
      value: 0.2442097
      objectReference: {fileID: 0}
    - target: {fileID: 4664608179390407357, guid: 9e345db47180f254f924aa2a9a605c4d,
        type: 3}
      propertyPath: m_Points.m_Paths.Array.data[0].Array.data[8].x
      value: 2.1657991
      objectReference: {fileID: 0}
    - target: {fileID: 4664608179390407357, guid: 9e345db47180f254f924aa2a9a605c4d,
        type: 3}
      propertyPath: m_Points.m_Paths.Array.data[0].Array.data[8].y
      value: 1.1142776
      objectReference: {fileID: 0}
    m_RemovedComponents: []
  m_SourcePrefab: {fileID: 100100000, guid: 9e345db47180f254f924aa2a9a605c4d, type: 3}
--- !u!43 &2106476189
Mesh:
  m_ObjectHideFlags: 0
  m_CorrespondingSourceObject: {fileID: 0}
  m_PrefabInstance: {fileID: 0}
  m_PrefabAsset: {fileID: 0}
  m_Name: 
  serializedVersion: 10
  m_SubMeshes:
  - serializedVersion: 2
    firstByte: 0
    indexCount: 6
    topology: 0
    baseVertex: 0
    firstVertex: 0
    vertexCount: 4
    localAABB:
      m_Center: {x: 1.1099999, y: 0, z: 0}
      m_Extent: {x: 8.89, y: 0.5, z: 0}
  m_Shapes:
    vertices: []
    shapes: []
    channels: []
    fullWeights: []
  m_BindPose: []
  m_BoneNameHashes: 
  m_RootBoneNameHash: 0
  m_BonesAABB: []
  m_VariableBoneCountWeights:
    m_Data: 
  m_MeshCompression: 0
  m_IsReadable: 1
  m_KeepVertices: 1
  m_KeepIndices: 1
  m_IndexFormat: 0
  m_IndexBuffer: 000001000200020003000000
  m_VertexData:
    serializedVersion: 3
    m_VertexCount: 4
    m_Channels:
    - stream: 0
      offset: 0
      format: 0
      dimension: 3
    - stream: 0
      offset: 0
      format: 0
      dimension: 0
    - stream: 0
      offset: 0
      format: 0
      dimension: 0
    - stream: 0
      offset: 0
      format: 0
      dimension: 0
    - stream: 0
      offset: 12
      format: 0
      dimension: 2
    - stream: 0
      offset: 0
      format: 0
      dimension: 0
    - stream: 0
      offset: 0
      format: 0
      dimension: 0
    - stream: 0
      offset: 0
      format: 0
      dimension: 0
    - stream: 0
      offset: 0
      format: 0
      dimension: 0
    - stream: 0
      offset: 0
      format: 0
      dimension: 0
    - stream: 0
      offset: 0
      format: 0
      dimension: 0
    - stream: 0
      offset: 0
      format: 0
      dimension: 0
    - stream: 0
      offset: 0
      format: 0
      dimension: 0
    - stream: 0
      offset: 0
      format: 0
      dimension: 0
    m_DataSize: 80
    _typelessdata: c3f5f8c0000000bf00000000c3f5f8c0000000bfc3f5f8c00000003f00000000c3f5f8c00000003f000020410000003f00000000000020410000003f00002041000000bf0000000000002041000000bf
  m_CompressedMesh:
    m_Vertices:
      m_NumItems: 0
      m_Range: 0
      m_Start: 0
      m_Data: 
      m_BitSize: 0
    m_UV:
      m_NumItems: 0
      m_Range: 0
      m_Start: 0
      m_Data: 
      m_BitSize: 0
    m_Normals:
      m_NumItems: 0
      m_Range: 0
      m_Start: 0
      m_Data: 
      m_BitSize: 0
    m_Tangents:
      m_NumItems: 0
      m_Range: 0
      m_Start: 0
      m_Data: 
      m_BitSize: 0
    m_Weights:
      m_NumItems: 0
      m_Data: 
      m_BitSize: 0
    m_NormalSigns:
      m_NumItems: 0
      m_Data: 
      m_BitSize: 0
    m_TangentSigns:
      m_NumItems: 0
      m_Data: 
      m_BitSize: 0
    m_FloatColors:
      m_NumItems: 0
      m_Range: 0
      m_Start: 0
      m_Data: 
      m_BitSize: 0
    m_BoneIndices:
      m_NumItems: 0
      m_Data: 
      m_BitSize: 0
    m_Triangles:
      m_NumItems: 0
      m_Data: 
      m_BitSize: 0
    m_UVInfo: 0
  m_LocalAABB:
    m_Center: {x: 1.1099999, y: 0, z: 0}
    m_Extent: {x: 8.89, y: 0.5, z: 0}
  m_MeshUsageFlags: 0
  m_BakedConvexCollisionMesh: 
  m_BakedTriangleCollisionMesh: 
  m_MeshMetrics[0]: 1
  m_MeshMetrics[1]: 1
  m_MeshOptimizationFlags: 1
  m_StreamData:
    offset: 0
    size: 0
    path: 
