%YAML 1.1
%TAG !u! tag:unity3d.com,2011:
--- !u!29 &1
OcclusionCullingSettings:
  m_ObjectHideFlags: 0
  serializedVersion: 2
  m_OcclusionBakeSettings:
    smallestOccluder: 5
    smallestHole: 0.25
    backfaceThreshold: 100
  m_SceneGUID: 00000000000000000000000000000000
  m_OcclusionCullingData: {fileID: 0}
--- !u!104 &2
RenderSettings:
  m_ObjectHideFlags: 0
  serializedVersion: 9
  m_Fog: 0
  m_FogColor: {r: 0.5, g: 0.5, b: 0.5, a: 1}
  m_FogMode: 3
  m_FogDensity: 0.01
  m_LinearFogStart: 0
  m_LinearFogEnd: 300
  m_AmbientSkyColor: {r: 0.212, g: 0.227, b: 0.259, a: 1}
  m_AmbientEquatorColor: {r: 0.114, g: 0.125, b: 0.133, a: 1}
  m_AmbientGroundColor: {r: 0.047, g: 0.043, b: 0.035, a: 1}
  m_AmbientIntensity: 1
  m_AmbientMode: 3
  m_SubtractiveShadowColor: {r: 0.42, g: 0.478, b: 0.627, a: 1}
  m_SkyboxMaterial: {fileID: 0}
  m_HaloStrength: 0.5
  m_FlareStrength: 1
  m_FlareFadeSpeed: 3
  m_HaloTexture: {fileID: 0}
  m_SpotCookie: {fileID: 10001, guid: 0000000000000000e000000000000000, type: 0}
  m_DefaultReflectionMode: 0
  m_DefaultReflectionResolution: 128
  m_ReflectionBounces: 1
  m_ReflectionIntensity: 1
  m_CustomReflection: {fileID: 0}
  m_Sun: {fileID: 0}
  m_IndirectSpecularColor: {r: 0, g: 0, b: 0, a: 1}
  m_UseRadianceAmbientProbe: 0
--- !u!157 &3
LightmapSettings:
  m_ObjectHideFlags: 0
  serializedVersion: 11
  m_GIWorkflowMode: 1
  m_GISettings:
    serializedVersion: 2
    m_BounceScale: 1
    m_IndirectOutputScale: 1
    m_AlbedoBoost: 1
    m_EnvironmentLightingMode: 0
    m_EnableBakedLightmaps: 0
    m_EnableRealtimeLightmaps: 0
  m_LightmapEditorSettings:
    serializedVersion: 12
    m_Resolution: 2
    m_BakeResolution: 40
    m_AtlasSize: 1024
    m_AO: 0
    m_AOMaxDistance: 1
    m_CompAOExponent: 1
    m_CompAOExponentDirect: 0
    m_ExtractAmbientOcclusion: 0
    m_Padding: 2
    m_LightmapParameters: {fileID: 0}
    m_LightmapsBakeMode: 1
    m_TextureCompression: 1
    m_FinalGather: 0
    m_FinalGatherFiltering: 1
    m_FinalGatherRayCount: 256
    m_ReflectionCompression: 2
    m_MixedBakeMode: 2
    m_BakeBackend: 1
    m_PVRSampling: 1
    m_PVRDirectSampleCount: 32
    m_PVRSampleCount: 512
    m_PVRBounces: 2
    m_PVREnvironmentSampleCount: 256
    m_PVREnvironmentReferencePointCount: 2048
    m_PVRFilteringMode: 1
    m_PVRDenoiserTypeDirect: 1
    m_PVRDenoiserTypeIndirect: 1
    m_PVRDenoiserTypeAO: 1
    m_PVRFilterTypeDirect: 0
    m_PVRFilterTypeIndirect: 0
    m_PVRFilterTypeAO: 0
    m_PVREnvironmentMIS: 1
    m_PVRCulling: 1
    m_PVRFilteringGaussRadiusDirect: 1
    m_PVRFilteringGaussRadiusIndirect: 5
    m_PVRFilteringGaussRadiusAO: 2
    m_PVRFilteringAtrousPositionSigmaDirect: 0.5
    m_PVRFilteringAtrousPositionSigmaIndirect: 2
    m_PVRFilteringAtrousPositionSigmaAO: 1
    m_ShowResolutionOverlay: 1
    m_ExportTrainingData: 0
  m_LightingDataAsset: {fileID: 0}
  m_UseShadowmask: 1
--- !u!196 &4
NavMeshSettings:
  serializedVersion: 2
  m_ObjectHideFlags: 0
  m_BuildSettings:
    serializedVersion: 2
    agentTypeID: 0
    agentRadius: 0.5
    agentHeight: 2
    agentSlope: 45
    agentClimb: 0.4
    ledgeDropHeight: 0
    maxJumpAcrossDistance: 0
    minRegionArea: 2
    manualCellSize: 0
    cellSize: 0.16666667
    manualTileSize: 0
    tileSize: 256
    accuratePlacement: 0
    debug:
      m_Flags: 0
  m_NavMeshData: {fileID: 0}
--- !u!1001 &43472846
PrefabInstance:
  m_ObjectHideFlags: 0
  serializedVersion: 2
  m_Modification:
    m_TransformParent: {fileID: 0}
    m_Modifications:
    - target: {fileID: 4150415766016769953, guid: b231fd1b9c9e53841a655061bdf08fd1,
        type: 3}
      propertyPath: m_Name
      value: Walls
      objectReference: {fileID: 0}
    - target: {fileID: 5414953598095148834, guid: b231fd1b9c9e53841a655061bdf08fd1,
        type: 3}
      propertyPath: m_LocalPosition.x
      value: -7.028168
      objectReference: {fileID: 0}
    - target: {fileID: 5414953598095148834, guid: b231fd1b9c9e53841a655061bdf08fd1,
        type: 3}
      propertyPath: m_LocalPosition.y
      value: 1.5868562
      objectReference: {fileID: 0}
    - target: {fileID: 5414953598095148834, guid: b231fd1b9c9e53841a655061bdf08fd1,
        type: 3}
      propertyPath: m_LocalPosition.z
      value: -5.711918
      objectReference: {fileID: 0}
    - target: {fileID: 5414953598095148834, guid: b231fd1b9c9e53841a655061bdf08fd1,
        type: 3}
      propertyPath: m_LocalRotation.x
      value: 0
      objectReference: {fileID: 0}
    - target: {fileID: 5414953598095148834, guid: b231fd1b9c9e53841a655061bdf08fd1,
        type: 3}
      propertyPath: m_LocalRotation.y
      value: 0
      objectReference: {fileID: 0}
    - target: {fileID: 5414953598095148834, guid: b231fd1b9c9e53841a655061bdf08fd1,
        type: 3}
      propertyPath: m_LocalRotation.z
      value: 0
      objectReference: {fileID: 0}
    - target: {fileID: 5414953598095148834, guid: b231fd1b9c9e53841a655061bdf08fd1,
        type: 3}
      propertyPath: m_LocalRotation.w
      value: 1
      objectReference: {fileID: 0}
    - target: {fileID: 5414953598095148834, guid: b231fd1b9c9e53841a655061bdf08fd1,
        type: 3}
      propertyPath: m_RootOrder
      value: 11
      objectReference: {fileID: 0}
    - target: {fileID: 5414953598095148834, guid: b231fd1b9c9e53841a655061bdf08fd1,
        type: 3}
      propertyPath: m_LocalEulerAnglesHint.x
      value: 0
      objectReference: {fileID: 0}
    - target: {fileID: 5414953598095148834, guid: b231fd1b9c9e53841a655061bdf08fd1,
        type: 3}
      propertyPath: m_LocalEulerAnglesHint.y
      value: 0
      objectReference: {fileID: 0}
    - target: {fileID: 5414953598095148834, guid: b231fd1b9c9e53841a655061bdf08fd1,
        type: 3}
      propertyPath: m_LocalEulerAnglesHint.z
      value: 0
      objectReference: {fileID: 0}
    - target: {fileID: 2311834606579367857, guid: b231fd1b9c9e53841a655061bdf08fd1,
        type: 3}
      propertyPath: m_Mesh
      value: 
      objectReference: {fileID: 1096849307}
    - target: {fileID: 1427501423920640569, guid: b231fd1b9c9e53841a655061bdf08fd1,
        type: 3}
      propertyPath: m_Mesh
      value: 
      objectReference: {fileID: 1289566728}
    - target: {fileID: 2522909513825478592, guid: b231fd1b9c9e53841a655061bdf08fd1,
        type: 3}
      propertyPath: m_Mesh
      value: 
      objectReference: {fileID: 551335959}
    - target: {fileID: 3837834698254184852, guid: b231fd1b9c9e53841a655061bdf08fd1,
        type: 3}
      propertyPath: m_Mesh
      value: 
      objectReference: {fileID: 560820003}
    m_RemovedComponents: []
  m_SourcePrefab: {fileID: 100100000, guid: b231fd1b9c9e53841a655061bdf08fd1, type: 3}
--- !u!1 &84933338 stripped
GameObject:
  m_CorrespondingSourceObject: {fileID: 6001013765091654420, guid: 32328ae0d19f1bf44b811d6efa457c56,
    type: 3}
  m_PrefabInstance: {fileID: 1321927489}
  m_PrefabAsset: {fileID: 0}
--- !u!1001 &170706458
PrefabInstance:
  m_ObjectHideFlags: 0
  serializedVersion: 2
  m_Modification:
    m_TransformParent: {fileID: 0}
    m_Modifications:
    - target: {fileID: 5730074973465038529, guid: 0d4f360531202064db93ee20d11b6f49,
        type: 3}
      propertyPath: m_Name
      value: Background
      objectReference: {fileID: 0}
    - target: {fileID: 5730074973465038530, guid: 0d4f360531202064db93ee20d11b6f49,
        type: 3}
      propertyPath: m_LocalPosition.x
      value: 0
      objectReference: {fileID: 0}
    - target: {fileID: 5730074973465038530, guid: 0d4f360531202064db93ee20d11b6f49,
        type: 3}
      propertyPath: m_LocalPosition.y
      value: 0
      objectReference: {fileID: 0}
    - target: {fileID: 5730074973465038530, guid: 0d4f360531202064db93ee20d11b6f49,
        type: 3}
      propertyPath: m_LocalPosition.z
      value: 1
      objectReference: {fileID: 0}
    - target: {fileID: 5730074973465038530, guid: 0d4f360531202064db93ee20d11b6f49,
        type: 3}
      propertyPath: m_LocalRotation.x
      value: 0
      objectReference: {fileID: 0}
    - target: {fileID: 5730074973465038530, guid: 0d4f360531202064db93ee20d11b6f49,
        type: 3}
      propertyPath: m_LocalRotation.y
      value: 0
      objectReference: {fileID: 0}
    - target: {fileID: 5730074973465038530, guid: 0d4f360531202064db93ee20d11b6f49,
        type: 3}
      propertyPath: m_LocalRotation.z
      value: 0
      objectReference: {fileID: 0}
    - target: {fileID: 5730074973465038530, guid: 0d4f360531202064db93ee20d11b6f49,
        type: 3}
      propertyPath: m_LocalRotation.w
      value: 1
      objectReference: {fileID: 0}
    - target: {fileID: 5730074973465038530, guid: 0d4f360531202064db93ee20d11b6f49,
        type: 3}
      propertyPath: m_RootOrder
      value: 13
      objectReference: {fileID: 0}
    - target: {fileID: 5730074973465038530, guid: 0d4f360531202064db93ee20d11b6f49,
        type: 3}
      propertyPath: m_LocalEulerAnglesHint.x
      value: 0
      objectReference: {fileID: 0}
    - target: {fileID: 5730074973465038530, guid: 0d4f360531202064db93ee20d11b6f49,
        type: 3}
      propertyPath: m_LocalEulerAnglesHint.y
      value: 0
      objectReference: {fileID: 0}
    - target: {fileID: 5730074973465038530, guid: 0d4f360531202064db93ee20d11b6f49,
        type: 3}
      propertyPath: m_LocalEulerAnglesHint.z
      value: 0
      objectReference: {fileID: 0}
    - target: {fileID: 5730074973465038530, guid: 0d4f360531202064db93ee20d11b6f49,
        type: 3}
      propertyPath: m_LocalScale.x
      value: 1
      objectReference: {fileID: 0}
    - target: {fileID: 5730074973465038530, guid: 0d4f360531202064db93ee20d11b6f49,
        type: 3}
      propertyPath: m_LocalScale.y
      value: 1
      objectReference: {fileID: 0}
    m_RemovedComponents: []
  m_SourcePrefab: {fileID: 100100000, guid: 0d4f360531202064db93ee20d11b6f49, type: 3}
--- !u!43 &319006480
Mesh:
  m_ObjectHideFlags: 0
  m_CorrespondingSourceObject: {fileID: 0}
  m_PrefabInstance: {fileID: 0}
  m_PrefabAsset: {fileID: 0}
  m_Name: 
  serializedVersion: 10
  m_SubMeshes:
  - serializedVersion: 2
    firstByte: 0
    indexCount: 18
    topology: 0
    baseVertex: 0
    firstVertex: 0
    vertexCount: 8
    localAABB:
      m_Center: {x: -5.9387107, y: 0.60834765, z: 0}
      m_Extent: {x: 1.3029032, y: 1.290554, z: 0}
  m_Shapes:
    vertices: []
    shapes: []
    channels: []
    fullWeights: []
  m_BindPose: []
  m_BoneNameHashes: 
  m_RootBoneNameHash: 0
  m_BonesAABB: []
  m_VariableBoneCountWeights:
    m_Data: 
  m_MeshCompression: 0
  m_IsReadable: 1
  m_KeepVertices: 1
  m_KeepIndices: 1
  m_IndexFormat: 0
  m_IndexBuffer: 000006000400040002000000000007000600060005000400040003000200020001000000
  m_VertexData:
    serializedVersion: 3
    m_VertexCount: 8
    m_Channels:
    - stream: 0
      offset: 0
      format: 0
      dimension: 3
    - stream: 0
      offset: 0
      format: 0
      dimension: 0
    - stream: 0
      offset: 0
      format: 0
      dimension: 0
    - stream: 0
      offset: 0
      format: 0
      dimension: 0
    - stream: 0
      offset: 12
      format: 0
      dimension: 2
    - stream: 0
      offset: 0
      format: 0
      dimension: 0
    - stream: 0
      offset: 0
      format: 0
      dimension: 0
    - stream: 0
      offset: 0
      format: 0
      dimension: 0
    - stream: 0
      offset: 0
      format: 0
      dimension: 0
    - stream: 0
      offset: 0
      format: 0
      dimension: 0
    - stream: 0
      offset: 0
      format: 0
      dimension: 0
    - stream: 0
      offset: 0
      format: 0
      dimension: 0
    - stream: 0
      offset: 0
      format: 0
      dimension: 0
    - stream: 0
      offset: 0
      format: 0
      dimension: 0
    m_DataSize: 160
    _typelessdata: 81f4b2c046a59e3f0000000081f4b2c046a59e3f1c45bac0360ff33f000000001c45bac0360ff33f2e44d9c034a3de3f000000002e44d9c034a3de3f4dbbe7c0ae59bf3f000000004dbbe7c0ae59bf3fd4c5bec00af7163f00000000d4c5bec00af7163f9efcb3c014a52ebf000000009efcb3c014a52ebf895894c0e4e2d83e00000000895894c0e4e2d83e488696c020cc4c3f00000000488696c020cc4c3f
  m_CompressedMesh:
    m_Vertices:
      m_NumItems: 0
      m_Range: 0
      m_Start: 0
      m_Data: 
      m_BitSize: 0
    m_UV:
      m_NumItems: 0
      m_Range: 0
      m_Start: 0
      m_Data: 
      m_BitSize: 0
    m_Normals:
      m_NumItems: 0
      m_Range: 0
      m_Start: 0
      m_Data: 
      m_BitSize: 0
    m_Tangents:
      m_NumItems: 0
      m_Range: 0
      m_Start: 0
      m_Data: 
      m_BitSize: 0
    m_Weights:
      m_NumItems: 0
      m_Data: 
      m_BitSize: 0
    m_NormalSigns:
      m_NumItems: 0
      m_Data: 
      m_BitSize: 0
    m_TangentSigns:
      m_NumItems: 0
      m_Data: 
      m_BitSize: 0
    m_FloatColors:
      m_NumItems: 0
      m_Range: 0
      m_Start: 0
      m_Data: 
      m_BitSize: 0
    m_BoneIndices:
      m_NumItems: 0
      m_Data: 
      m_BitSize: 0
    m_Triangles:
      m_NumItems: 0
      m_Data: 
      m_BitSize: 0
    m_UVInfo: 0
  m_LocalAABB:
    m_Center: {x: -5.9387107, y: 0.60834765, z: 0}
    m_Extent: {x: 1.3029032, y: 1.290554, z: 0}
  m_MeshUsageFlags: 0
  m_BakedConvexCollisionMesh: 
  m_BakedTriangleCollisionMesh: 
  m_MeshMetrics[0]: 1
  m_MeshMetrics[1]: 1
  m_MeshOptimizationFlags: 1
  m_StreamData:
    offset: 0
    size: 0
    path: 
--- !u!43 &440205693
Mesh:
  m_ObjectHideFlags: 0
  m_CorrespondingSourceObject: {fileID: 0}
  m_PrefabInstance: {fileID: 0}
  m_PrefabAsset: {fileID: 0}
  m_Name: 
  serializedVersion: 10
  m_SubMeshes:
  - serializedVersion: 2
    firstByte: 0
    indexCount: 42
    topology: 0
    baseVertex: 0
    firstVertex: 0
    vertexCount: 16
    localAABB:
      m_Center: {x: -5.512451, y: 0.842702, z: 0}
      m_Extent: {x: 3.1465895, y: 2.467382, z: 0}
  m_Shapes:
    vertices: []
    shapes: []
    channels: []
    fullWeights: []
  m_BindPose: []
  m_BoneNameHashes: 
  m_RootBoneNameHash: 0
  m_BonesAABB: []
  m_VariableBoneCountWeights:
    m_Data: 
  m_MeshCompression: 0
  m_IsReadable: 1
  m_KeepVertices: 1
  m_KeepIndices: 1
  m_IndexFormat: 0
  m_IndexBuffer: 0c000700010001000d000c000c000b00070007000400010001000f000d000b00090007000700060004000400020001000f000e000d000b000a000900090008000700060005000400040003000200010000000f00
  m_VertexData:
    serializedVersion: 3
    m_VertexCount: 16
    m_Channels:
    - stream: 0
      offset: 0
      format: 0
      dimension: 3
    - stream: 0
      offset: 0
      format: 0
      dimension: 0
    - stream: 0
      offset: 0
      format: 0
      dimension: 0
    - stream: 0
      offset: 0
      format: 0
      dimension: 0
    - stream: 0
      offset: 12
      format: 0
      dimension: 2
    - stream: 0
      offset: 0
      format: 0
      dimension: 0
    - stream: 0
      offset: 0
      format: 0
      dimension: 0
    - stream: 0
      offset: 0
      format: 0
      dimension: 0
    - stream: 0
      offset: 0
      format: 0
      dimension: 0
    - stream: 0
      offset: 0
      format: 0
      dimension: 0
    - stream: 0
      offset: 0
      format: 0
      dimension: 0
    - stream: 0
      offset: 0
      format: 0
      dimension: 0
    - stream: 0
      offset: 0
      format: 0
      dimension: 0
    - stream: 0
      offset: 0
      format: 0
      dimension: 0
    m_DataSize: 320
    _typelessdata: 6aceefc0f4ee6bbf000000006aceefc0f4ee6bbf8969c5c0d6ad48bf000000008969c5c0d6ad48bfe94985c02d8eadbf00000000e94985c02d8eadbf9c5a6cc083f5cfbf000000009c5a6cc083f5cfbf07a330c00e97a4bf0000000007a330c00e97a4bf466a17c0bac0c8be00000000466a17c0bac0c8be212891c0689794be00000000212891c0689794bec28fa5c0e00728bd00000000c28fa5c0e00728bd10cfacc0c816e83f0000000010cfacc0c816e83f90b2b9c05ec749400000000090b2b9c05ec74940baafe2c06ad8534000000000baafe2c06ad85340752ef0c0ba22534000000000752ef0c0ba225340f19df5c0b4ca053f00000000f19df5c0b4ca053fb2dcf8c0ac5d543e00000000b2dcf8c0ac5d543ee76d05c18058c53b00000000e76d05c18058c53b6e8b0ac176be52bf000000006e8b0ac176be52bf
  m_CompressedMesh:
    m_Vertices:
      m_NumItems: 0
      m_Range: 0
      m_Start: 0
      m_Data: 
      m_BitSize: 0
    m_UV:
      m_NumItems: 0
      m_Range: 0
      m_Start: 0
      m_Data: 
      m_BitSize: 0
    m_Normals:
      m_NumItems: 0
      m_Range: 0
      m_Start: 0
      m_Data: 
      m_BitSize: 0
    m_Tangents:
      m_NumItems: 0
      m_Range: 0
      m_Start: 0
      m_Data: 
      m_BitSize: 0
    m_Weights:
      m_NumItems: 0
      m_Data: 
      m_BitSize: 0
    m_NormalSigns:
      m_NumItems: 0
      m_Data: 
      m_BitSize: 0
    m_TangentSigns:
      m_NumItems: 0
      m_Data: 
      m_BitSize: 0
    m_FloatColors:
      m_NumItems: 0
      m_Range: 0
      m_Start: 0
      m_Data: 
      m_BitSize: 0
    m_BoneIndices:
      m_NumItems: 0
      m_Data: 
      m_BitSize: 0
    m_Triangles:
      m_NumItems: 0
      m_Data: 
      m_BitSize: 0
    m_UVInfo: 0
  m_LocalAABB:
    m_Center: {x: -5.512451, y: 0.842702, z: 0}
    m_Extent: {x: 3.1465895, y: 2.467382, z: 0}
  m_MeshUsageFlags: 0
  m_BakedConvexCollisionMesh: 
  m_BakedTriangleCollisionMesh: 
  m_MeshMetrics[0]: 1
  m_MeshMetrics[1]: 1
  m_MeshOptimizationFlags: 1
  m_StreamData:
    offset: 0
    size: 0
    path: 
--- !u!43 &551335959
Mesh:
  m_ObjectHideFlags: 0
  m_CorrespondingSourceObject: {fileID: 0}
  m_PrefabInstance: {fileID: 0}
  m_PrefabAsset: {fileID: 0}
  m_Name: 
  serializedVersion: 10
  m_SubMeshes:
  - serializedVersion: 2
    firstByte: 0
    indexCount: 6
    topology: 0
    baseVertex: 0
    firstVertex: 0
    vertexCount: 4
    localAABB:
      m_Center: {x: 1.1099999, y: 0, z: 0}
      m_Extent: {x: 8.89, y: 0.5, z: 0}
  m_Shapes:
    vertices: []
    shapes: []
    channels: []
    fullWeights: []
  m_BindPose: []
  m_BoneNameHashes: 
  m_RootBoneNameHash: 0
  m_BonesAABB: []
  m_VariableBoneCountWeights:
    m_Data: 
  m_MeshCompression: 0
  m_IsReadable: 1
  m_KeepVertices: 1
  m_KeepIndices: 1
  m_IndexFormat: 0
  m_IndexBuffer: 000001000200020003000000
  m_VertexData:
    serializedVersion: 3
    m_VertexCount: 4
    m_Channels:
    - stream: 0
      offset: 0
      format: 0
      dimension: 3
    - stream: 0
      offset: 0
      format: 0
      dimension: 0
    - stream: 0
      offset: 0
      format: 0
      dimension: 0
    - stream: 0
      offset: 0
      format: 0
      dimension: 0
    - stream: 0
      offset: 12
      format: 0
      dimension: 2
    - stream: 0
      offset: 0
      format: 0
      dimension: 0
    - stream: 0
      offset: 0
      format: 0
      dimension: 0
    - stream: 0
      offset: 0
      format: 0
      dimension: 0
    - stream: 0
      offset: 0
      format: 0
      dimension: 0
    - stream: 0
      offset: 0
      format: 0
      dimension: 0
    - stream: 0
      offset: 0
      format: 0
      dimension: 0
    - stream: 0
      offset: 0
      format: 0
      dimension: 0
    - stream: 0
      offset: 0
      format: 0
      dimension: 0
    - stream: 0
      offset: 0
      format: 0
      dimension: 0
    m_DataSize: 80
    _typelessdata: c3f5f8c0000000bf00000000c3f5f8c0000000bfc3f5f8c00000003f00000000c3f5f8c00000003f000020410000003f00000000000020410000003f00002041000000bf0000000000002041000000bf
  m_CompressedMesh:
    m_Vertices:
      m_NumItems: 0
      m_Range: 0
      m_Start: 0
      m_Data: 
      m_BitSize: 0
    m_UV:
      m_NumItems: 0
      m_Range: 0
      m_Start: 0
      m_Data: 
      m_BitSize: 0
    m_Normals:
      m_NumItems: 0
      m_Range: 0
      m_Start: 0
      m_Data: 
      m_BitSize: 0
    m_Tangents:
      m_NumItems: 0
      m_Range: 0
      m_Start: 0
      m_Data: 
      m_BitSize: 0
    m_Weights:
      m_NumItems: 0
      m_Data: 
      m_BitSize: 0
    m_NormalSigns:
      m_NumItems: 0
      m_Data: 
      m_BitSize: 0
    m_TangentSigns:
      m_NumItems: 0
      m_Data: 
      m_BitSize: 0
    m_FloatColors:
      m_NumItems: 0
      m_Range: 0
      m_Start: 0
      m_Data: 
      m_BitSize: 0
    m_BoneIndices:
      m_NumItems: 0
      m_Data: 
      m_BitSize: 0
    m_Triangles:
      m_NumItems: 0
      m_Data: 
      m_BitSize: 0
    m_UVInfo: 0
  m_LocalAABB:
    m_Center: {x: 1.1099999, y: 0, z: 0}
    m_Extent: {x: 8.89, y: 0.5, z: 0}
  m_MeshUsageFlags: 0
  m_BakedConvexCollisionMesh: 
  m_BakedTriangleCollisionMesh: 
  m_MeshMetrics[0]: 1
  m_MeshMetrics[1]: 1
  m_MeshOptimizationFlags: 1
  m_StreamData:
    offset: 0
    size: 0
    path: 
--- !u!43 &560820003
Mesh:
  m_ObjectHideFlags: 0
  m_CorrespondingSourceObject: {fileID: 0}
  m_PrefabInstance: {fileID: 0}
  m_PrefabAsset: {fileID: 0}
  m_Name: 
  serializedVersion: 10
  m_SubMeshes:
  - serializedVersion: 2
    firstByte: 0
    indexCount: 6
    topology: 0
    baseVertex: 0
    firstVertex: 0
    vertexCount: 4
    localAABB:
      m_Center: {x: 0, y: -3.5350003, z: 0}
      m_Extent: {x: 0.5, y: 4.735, z: 0}
  m_Shapes:
    vertices: []
    shapes: []
    channels: []
    fullWeights: []
  m_BindPose: []
  m_BoneNameHashes: 
  m_RootBoneNameHash: 0
  m_BonesAABB: []
  m_VariableBoneCountWeights:
    m_Data: 
  m_MeshCompression: 0
  m_IsReadable: 1
  m_KeepVertices: 1
  m_KeepIndices: 1
  m_IndexFormat: 0
  m_IndexBuffer: 030002000100010000000300
  m_VertexData:
    serializedVersion: 3
    m_VertexCount: 4
    m_Channels:
    - stream: 0
      offset: 0
      format: 0
      dimension: 3
    - stream: 0
      offset: 0
      format: 0
      dimension: 0
    - stream: 0
      offset: 0
      format: 0
      dimension: 0
    - stream: 0
      offset: 0
      format: 0
      dimension: 0
    - stream: 0
      offset: 12
      format: 0
      dimension: 2
    - stream: 0
      offset: 0
      format: 0
      dimension: 0
    - stream: 0
      offset: 0
      format: 0
      dimension: 0
    - stream: 0
      offset: 0
      format: 0
      dimension: 0
    - stream: 0
      offset: 0
      format: 0
      dimension: 0
    - stream: 0
      offset: 0
      format: 0
      dimension: 0
    - stream: 0
      offset: 0
      format: 0
      dimension: 0
    - stream: 0
      offset: 0
      format: 0
      dimension: 0
    - stream: 0
      offset: 0
      format: 0
      dimension: 0
    - stream: 0
      offset: 0
      format: 0
      dimension: 0
    m_DataSize: 80
    _typelessdata: 000000bfec5104c100000000000000bfec5104c10000003fec5104c1000000000000003fec5104c10000003f9a99993f000000000000003f9a99993f000000bf9a99993f00000000000000bf9a99993f
  m_CompressedMesh:
    m_Vertices:
      m_NumItems: 0
      m_Range: 0
      m_Start: 0
      m_Data: 
      m_BitSize: 0
    m_UV:
      m_NumItems: 0
      m_Range: 0
      m_Start: 0
      m_Data: 
      m_BitSize: 0
    m_Normals:
      m_NumItems: 0
      m_Range: 0
      m_Start: 0
      m_Data: 
      m_BitSize: 0
    m_Tangents:
      m_NumItems: 0
      m_Range: 0
      m_Start: 0
      m_Data: 
      m_BitSize: 0
    m_Weights:
      m_NumItems: 0
      m_Data: 
      m_BitSize: 0
    m_NormalSigns:
      m_NumItems: 0
      m_Data: 
      m_BitSize: 0
    m_TangentSigns:
      m_NumItems: 0
      m_Data: 
      m_BitSize: 0
    m_FloatColors:
      m_NumItems: 0
      m_Range: 0
      m_Start: 0
      m_Data: 
      m_BitSize: 0
    m_BoneIndices:
      m_NumItems: 0
      m_Data: 
      m_BitSize: 0
    m_Triangles:
      m_NumItems: 0
      m_Data: 
      m_BitSize: 0
    m_UVInfo: 0
  m_LocalAABB:
    m_Center: {x: 0, y: -3.5350003, z: 0}
    m_Extent: {x: 0.5, y: 4.735, z: 0}
  m_MeshUsageFlags: 0
  m_BakedConvexCollisionMesh: 
  m_BakedTriangleCollisionMesh: 
  m_MeshMetrics[0]: 1
  m_MeshMetrics[1]: 1
  m_MeshOptimizationFlags: 1
  m_StreamData:
    offset: 0
    size: 0
    path: 
--- !u!1001 &610819640
PrefabInstance:
  m_ObjectHideFlags: 0
  serializedVersion: 2
  m_Modification:
    m_TransformParent: {fileID: 0}
    m_Modifications:
    - target: {fileID: 4664608179390407356, guid: 9e345db47180f254f924aa2a9a605c4d,
        type: 3}
      propertyPath: m_Name
      value: Polygon (3)
      objectReference: {fileID: 0}
    - target: {fileID: 4664608179390407331, guid: 9e345db47180f254f924aa2a9a605c4d,
        type: 3}
      propertyPath: m_LocalPosition.x
      value: 8.99
      objectReference: {fileID: 0}
    - target: {fileID: 4664608179390407331, guid: 9e345db47180f254f924aa2a9a605c4d,
        type: 3}
      propertyPath: m_LocalPosition.y
      value: 0.84
      objectReference: {fileID: 0}
    - target: {fileID: 4664608179390407331, guid: 9e345db47180f254f924aa2a9a605c4d,
        type: 3}
      propertyPath: m_LocalPosition.z
      value: 0
      objectReference: {fileID: 0}
    - target: {fileID: 4664608179390407331, guid: 9e345db47180f254f924aa2a9a605c4d,
        type: 3}
      propertyPath: m_LocalRotation.x
      value: -0
      objectReference: {fileID: 0}
    - target: {fileID: 4664608179390407331, guid: 9e345db47180f254f924aa2a9a605c4d,
        type: 3}
      propertyPath: m_LocalRotation.y
      value: -0
      objectReference: {fileID: 0}
    - target: {fileID: 4664608179390407331, guid: 9e345db47180f254f924aa2a9a605c4d,
        type: 3}
      propertyPath: m_LocalRotation.z
      value: -0
      objectReference: {fileID: 0}
    - target: {fileID: 4664608179390407331, guid: 9e345db47180f254f924aa2a9a605c4d,
        type: 3}
      propertyPath: m_LocalRotation.w
      value: 1
      objectReference: {fileID: 0}
    - target: {fileID: 4664608179390407331, guid: 9e345db47180f254f924aa2a9a605c4d,
        type: 3}
      propertyPath: m_RootOrder
      value: 9
      objectReference: {fileID: 0}
    - target: {fileID: 4664608179390407331, guid: 9e345db47180f254f924aa2a9a605c4d,
        type: 3}
      propertyPath: m_LocalEulerAnglesHint.x
      value: 0
      objectReference: {fileID: 0}
    - target: {fileID: 4664608179390407331, guid: 9e345db47180f254f924aa2a9a605c4d,
        type: 3}
      propertyPath: m_LocalEulerAnglesHint.y
      value: 0
      objectReference: {fileID: 0}
    - target: {fileID: 4664608179390407331, guid: 9e345db47180f254f924aa2a9a605c4d,
        type: 3}
      propertyPath: m_LocalEulerAnglesHint.z
      value: 0
      objectReference: {fileID: 0}
    - target: {fileID: 4664608179390407331, guid: 9e345db47180f254f924aa2a9a605c4d,
        type: 3}
      propertyPath: m_LocalScale.x
      value: 1
      objectReference: {fileID: 0}
    - target: {fileID: 4664608179390407329, guid: 9e345db47180f254f924aa2a9a605c4d,
        type: 3}
      propertyPath: m_Mesh
      value: 
      objectReference: {fileID: 1974185295}
    - target: {fileID: 4664608179390407357, guid: 9e345db47180f254f924aa2a9a605c4d,
        type: 3}
      propertyPath: m_Points.m_Paths.Array.data[0].Array.size
      value: 7
      objectReference: {fileID: 0}
    - target: {fileID: 4664608179390407357, guid: 9e345db47180f254f924aa2a9a605c4d,
        type: 3}
      propertyPath: m_Points.m_Paths.Array.data[0].Array.data[3].x
      value: -4.7062078
      objectReference: {fileID: 0}
    - target: {fileID: 4664608179390407357, guid: 9e345db47180f254f924aa2a9a605c4d,
        type: 3}
      propertyPath: m_Points.m_Paths.Array.data[0].Array.data[3].y
      value: -1.7615181
      objectReference: {fileID: 0}
    - target: {fileID: 4664608179390407357, guid: 9e345db47180f254f924aa2a9a605c4d,
        type: 3}
      propertyPath: m_Points.m_Paths.Array.data[0].Array.data[4].x
      value: -3.591988
      objectReference: {fileID: 0}
    - target: {fileID: 4664608179390407357, guid: 9e345db47180f254f924aa2a9a605c4d,
        type: 3}
      propertyPath: m_Points.m_Paths.Array.data[0].Array.data[4].y
      value: -1.8807358
      objectReference: {fileID: 0}
    - target: {fileID: 4664608179390407357, guid: 9e345db47180f254f924aa2a9a605c4d,
        type: 3}
      propertyPath: m_Points.m_Paths.Array.data[0].Array.data[5].x
      value: -3.373785
      objectReference: {fileID: 0}
    - target: {fileID: 4664608179390407357, guid: 9e345db47180f254f924aa2a9a605c4d,
        type: 3}
      propertyPath: m_Points.m_Paths.Array.data[0].Array.data[5].y
      value: -1.2781523
      objectReference: {fileID: 0}
    - target: {fileID: 4664608179390407357, guid: 9e345db47180f254f924aa2a9a605c4d,
        type: 3}
      propertyPath: m_Points.m_Paths.Array.data[0].Array.data[6].x
      value: -2.7925076
      objectReference: {fileID: 0}
    - target: {fileID: 4664608179390407357, guid: 9e345db47180f254f924aa2a9a605c4d,
        type: 3}
      propertyPath: m_Points.m_Paths.Array.data[0].Array.data[6].y
      value: -0.11075014
      objectReference: {fileID: 0}
    - target: {fileID: 4664608179390407357, guid: 9e345db47180f254f924aa2a9a605c4d,
        type: 3}
      propertyPath: m_Points.m_Paths.Array.data[0].Array.data[7].x
      value: -5.1737986
      objectReference: {fileID: 0}
    - target: {fileID: 4664608179390407357, guid: 9e345db47180f254f924aa2a9a605c4d,
        type: 3}
      propertyPath: m_Points.m_Paths.Array.data[0].Array.data[7].y
      value: -0.041023135
      objectReference: {fileID: 0}
    - target: {fileID: 4664608179390407357, guid: 9e345db47180f254f924aa2a9a605c4d,
        type: 3}
      propertyPath: m_Points.m_Paths.Array.data[0].Array.data[2].x
      value: -5.278422
      objectReference: {fileID: 0}
    - target: {fileID: 4664608179390407357, guid: 9e345db47180f254f924aa2a9a605c4d,
        type: 3}
      propertyPath: m_Points.m_Paths.Array.data[0].Array.data[2].y
      value: -1.2408121
      objectReference: {fileID: 0}
    - target: {fileID: 4664608179390407357, guid: 9e345db47180f254f924aa2a9a605c4d,
        type: 3}
      propertyPath: m_Points.m_Paths.Array.data[0].Array.data[8].x
      value: -6.5830283
      objectReference: {fileID: 0}
    - target: {fileID: 4664608179390407357, guid: 9e345db47180f254f924aa2a9a605c4d,
        type: 3}
      propertyPath: m_Points.m_Paths.Array.data[0].Array.data[8].y
      value: 1.0356137
      objectReference: {fileID: 0}
    - target: {fileID: 4664608179390407357, guid: 9e345db47180f254f924aa2a9a605c4d,
        type: 3}
      propertyPath: m_Points.m_Paths.Array.data[0].Array.data[9].x
      value: -7.67553
      objectReference: {fileID: 0}
    - target: {fileID: 4664608179390407357, guid: 9e345db47180f254f924aa2a9a605c4d,
        type: 3}
      propertyPath: m_Points.m_Paths.Array.data[0].Array.data[9].y
      value: 0.52262425
      objectReference: {fileID: 0}
    - target: {fileID: 4664608179390407357, guid: 9e345db47180f254f924aa2a9a605c4d,
        type: 3}
      propertyPath: m_Points.m_Paths.Array.data[0].Array.data[10].x
      value: -7.7769403
      objectReference: {fileID: 0}
    - target: {fileID: 4664608179390407357, guid: 9e345db47180f254f924aa2a9a605c4d,
        type: 3}
      propertyPath: m_Points.m_Paths.Array.data[0].Array.data[10].y
      value: 0.20738858
      objectReference: {fileID: 0}
    - target: {fileID: 4664608179390407357, guid: 9e345db47180f254f924aa2a9a605c4d,
        type: 3}
      propertyPath: m_Points.m_Paths.Array.data[0].Array.data[0].x
      value: -4.6081004
      objectReference: {fileID: 0}
    - target: {fileID: 4664608179390407357, guid: 9e345db47180f254f924aa2a9a605c4d,
        type: 3}
      propertyPath: m_Points.m_Paths.Array.data[0].Array.data[0].y
      value: -0.12200117
      objectReference: {fileID: 0}
    - target: {fileID: 4664608179390407357, guid: 9e345db47180f254f924aa2a9a605c4d,
        type: 3}
      propertyPath: m_Points.m_Paths.Array.data[0].Array.data[1].x
      value: -6.1691327
      objectReference: {fileID: 0}
    - target: {fileID: 4664608179390407357, guid: 9e345db47180f254f924aa2a9a605c4d,
        type: 3}
      propertyPath: m_Points.m_Paths.Array.data[0].Array.data[1].y
      value: -0.7839025
      objectReference: {fileID: 0}
    - target: {fileID: 4664608179390407357, guid: 9e345db47180f254f924aa2a9a605c4d,
        type: 3}
      propertyPath: m_Points.m_Paths.Array.data[0].Array.data[11].x
      value: -8.339332
      objectReference: {fileID: 0}
    - target: {fileID: 4664608179390407357, guid: 9e345db47180f254f924aa2a9a605c4d,
        type: 3}
      propertyPath: m_Points.m_Paths.Array.data[0].Array.data[11].y
      value: 0.006022513
      objectReference: {fileID: 0}
    - target: {fileID: 4664608179390407357, guid: 9e345db47180f254f924aa2a9a605c4d,
        type: 3}
      propertyPath: m_Points.m_Paths.Array.data[0].Array.data[12].x
      value: -9.0251465
      objectReference: {fileID: 0}
    - target: {fileID: 4664608179390407357, guid: 9e345db47180f254f924aa2a9a605c4d,
        type: 3}
      propertyPath: m_Points.m_Paths.Array.data[0].Array.data[12].y
      value: -0.89639986
      objectReference: {fileID: 0}
    m_RemovedComponents: []
  m_SourcePrefab: {fileID: 100100000, guid: 9e345db47180f254f924aa2a9a605c4d, type: 3}
--- !u!1 &622334881
GameObject:
  m_ObjectHideFlags: 0
  m_CorrespondingSourceObject: {fileID: 0}
  m_PrefabInstance: {fileID: 0}
  m_PrefabAsset: {fileID: 0}
  serializedVersion: 6
  m_Component:
  - component: {fileID: 622334883}
  - component: {fileID: 622334882}
  m_Layer: 2
  m_Name: Directional Light
  m_TagString: Untagged
  m_Icon: {fileID: 0}
  m_NavMeshLayer: 0
  m_StaticEditorFlags: 0
  m_IsActive: 1
--- !u!108 &622334882
Light:
  m_ObjectHideFlags: 0
  m_CorrespondingSourceObject: {fileID: 0}
  m_PrefabInstance: {fileID: 0}
  m_PrefabAsset: {fileID: 0}
  m_GameObject: {fileID: 622334881}
  m_Enabled: 1
  serializedVersion: 9
  m_Type: 1
  m_Color: {r: 1, g: 0.95686275, b: 0.8392157, a: 1}
  m_Intensity: 1
  m_Range: 10
  m_SpotAngle: 30
  m_InnerSpotAngle: 21.80208
  m_CookieSize: 10
  m_Shadows:
    m_Type: 2
    m_Resolution: -1
    m_CustomResolution: -1
    m_Strength: 1
    m_Bias: 0.05
    m_NormalBias: 0.4
    m_NearPlane: 0.2
    m_CullingMatrixOverride:
      e00: 1
      e01: 0
      e02: 0
      e03: 0
      e10: 0
      e11: 1
      e12: 0
      e13: 0
      e20: 0
      e21: 0
      e22: 1
      e23: 0
      e30: 0
      e31: 0
      e32: 0
      e33: 1
    m_UseCullingMatrixOverride: 0
  m_Cookie: {fileID: 0}
  m_DrawHalo: 0
  m_Flare: {fileID: 0}
  m_RenderMode: 0
  m_CullingMask:
    serializedVersion: 2
    m_Bits: 4294967295
  m_RenderingLayerMask: 1
  m_Lightmapping: 1
  m_LightShadowCasterMode: 0
  m_AreaSize: {x: 1, y: 1}
  m_BounceIntensity: 1
  m_ColorTemperature: 6570
  m_UseColorTemperature: 0
  m_BoundingSphereOverride: {x: -4.441163e-16, y: 5.070604e+30, z: 1.5046331e-36,
    w: 0.00048828125}
  m_UseBoundingSphereOverride: 0
  m_ShadowRadius: 0
  m_ShadowAngle: 0
--- !u!4 &622334883
Transform:
  m_ObjectHideFlags: 0
  m_CorrespondingSourceObject: {fileID: 0}
  m_PrefabInstance: {fileID: 0}
  m_PrefabAsset: {fileID: 0}
  m_GameObject: {fileID: 622334881}
  m_LocalRotation: {x: 0.40821788, y: -0.23456968, z: 0.10938163, w: 0.8754261}
  m_LocalPosition: {x: -33.08, y: 3, z: -19.1}
  m_LocalScale: {x: 1, y: 1, z: 1}
  m_Children: []
  m_Father: {fileID: 0}
  m_RootOrder: 5
  m_LocalEulerAnglesHint: {x: 50, y: -30, z: 0}
--- !u!1001 &1056657862
PrefabInstance:
  m_ObjectHideFlags: 0
  serializedVersion: 2
  m_Modification:
    m_TransformParent: {fileID: 0}
    m_Modifications:
    - target: {fileID: 4664608179390407356, guid: 9e345db47180f254f924aa2a9a605c4d,
        type: 3}
      propertyPath: m_Name
      value: Polygon (2)
      objectReference: {fileID: 0}
    - target: {fileID: 4664608179390407331, guid: 9e345db47180f254f924aa2a9a605c4d,
        type: 3}
      propertyPath: m_LocalPosition.x
      value: 5.52
      objectReference: {fileID: 0}
    - target: {fileID: 4664608179390407331, guid: 9e345db47180f254f924aa2a9a605c4d,
        type: 3}
      propertyPath: m_LocalPosition.y
      value: -2.39
      objectReference: {fileID: 0}
    - target: {fileID: 4664608179390407331, guid: 9e345db47180f254f924aa2a9a605c4d,
        type: 3}
      propertyPath: m_LocalPosition.z
      value: 0
      objectReference: {fileID: 0}
    - target: {fileID: 4664608179390407331, guid: 9e345db47180f254f924aa2a9a605c4d,
        type: 3}
      propertyPath: m_LocalRotation.x
      value: -0
      objectReference: {fileID: 0}
    - target: {fileID: 4664608179390407331, guid: 9e345db47180f254f924aa2a9a605c4d,
        type: 3}
      propertyPath: m_LocalRotation.y
      value: -0
      objectReference: {fileID: 0}
    - target: {fileID: 4664608179390407331, guid: 9e345db47180f254f924aa2a9a605c4d,
        type: 3}
      propertyPath: m_LocalRotation.z
      value: -0
      objectReference: {fileID: 0}
    - target: {fileID: 4664608179390407331, guid: 9e345db47180f254f924aa2a9a605c4d,
        type: 3}
      propertyPath: m_LocalRotation.w
      value: 1
      objectReference: {fileID: 0}
    - target: {fileID: 4664608179390407331, guid: 9e345db47180f254f924aa2a9a605c4d,
        type: 3}
      propertyPath: m_RootOrder
      value: 8
      objectReference: {fileID: 0}
    - target: {fileID: 4664608179390407331, guid: 9e345db47180f254f924aa2a9a605c4d,
        type: 3}
      propertyPath: m_LocalEulerAnglesHint.x
      value: 0
      objectReference: {fileID: 0}
    - target: {fileID: 4664608179390407331, guid: 9e345db47180f254f924aa2a9a605c4d,
        type: 3}
      propertyPath: m_LocalEulerAnglesHint.y
      value: 0
      objectReference: {fileID: 0}
    - target: {fileID: 4664608179390407331, guid: 9e345db47180f254f924aa2a9a605c4d,
        type: 3}
      propertyPath: m_LocalEulerAnglesHint.z
      value: 0
      objectReference: {fileID: 0}
    - target: {fileID: 4664608179390407331, guid: 9e345db47180f254f924aa2a9a605c4d,
        type: 3}
      propertyPath: m_LocalScale.x
      value: 1
      objectReference: {fileID: 0}
    - target: {fileID: 4664608179390407329, guid: 9e345db47180f254f924aa2a9a605c4d,
        type: 3}
      propertyPath: m_Mesh
      value: 
      objectReference: {fileID: 319006480}
    - target: {fileID: 4664608179390407357, guid: 9e345db47180f254f924aa2a9a605c4d,
        type: 3}
      propertyPath: m_Points.m_Paths.Array.data[0].Array.size
      value: 8
      objectReference: {fileID: 0}
    - target: {fileID: 4664608179390407357, guid: 9e345db47180f254f924aa2a9a605c4d,
        type: 3}
      propertyPath: m_Points.m_Paths.Array.data[0].Array.data[3].x
      value: -7.241614
      objectReference: {fileID: 0}
    - target: {fileID: 4664608179390407357, guid: 9e345db47180f254f924aa2a9a605c4d,
        type: 3}
      propertyPath: m_Points.m_Paths.Array.data[0].Array.data[3].y
      value: 1.4949243
      objectReference: {fileID: 0}
    - target: {fileID: 4664608179390407357, guid: 9e345db47180f254f924aa2a9a605c4d,
        type: 3}
      propertyPath: m_Points.m_Paths.Array.data[0].Array.data[4].x
      value: -5.961649
      objectReference: {fileID: 0}
    - target: {fileID: 4664608179390407357, guid: 9e345db47180f254f924aa2a9a605c4d,
        type: 3}
      propertyPath: m_Points.m_Paths.Array.data[0].Array.data[4].y
      value: 0.589707
      objectReference: {fileID: 0}
    - target: {fileID: 4664608179390407357, guid: 9e345db47180f254f924aa2a9a605c4d,
        type: 3}
      propertyPath: m_Points.m_Paths.Array.data[0].Array.data[5].x
      value: -5.624587
      objectReference: {fileID: 0}
    - target: {fileID: 4664608179390407357, guid: 9e345db47180f254f924aa2a9a605c4d,
        type: 3}
      propertyPath: m_Points.m_Paths.Array.data[0].Array.data[5].y
      value: -0.6822064
      objectReference: {fileID: 0}
    - target: {fileID: 4664608179390407357, guid: 9e345db47180f254f924aa2a9a605c4d,
        type: 3}
      propertyPath: m_Points.m_Paths.Array.data[0].Array.data[6].x
      value: -4.6358075
      objectReference: {fileID: 0}
    - target: {fileID: 4664608179390407357, guid: 9e345db47180f254f924aa2a9a605c4d,
        type: 3}
      propertyPath: m_Points.m_Paths.Array.data[0].Array.data[6].y
      value: 0.42360604
      objectReference: {fileID: 0}
    - target: {fileID: 4664608179390407357, guid: 9e345db47180f254f924aa2a9a605c4d,
        type: 3}
      propertyPath: m_Points.m_Paths.Array.data[0].Array.data[7].x
      value: -4.7038918
      objectReference: {fileID: 0}
    - target: {fileID: 4664608179390407357, guid: 9e345db47180f254f924aa2a9a605c4d,
        type: 3}
      propertyPath: m_Points.m_Paths.Array.data[0].Array.data[7].y
      value: 0.7999897
      objectReference: {fileID: 0}
    - target: {fileID: 4664608179390407357, guid: 9e345db47180f254f924aa2a9a605c4d,
        type: 3}
      propertyPath: m_Points.m_Paths.Array.data[0].Array.data[2].x
      value: -6.7895727
      objectReference: {fileID: 0}
    - target: {fileID: 4664608179390407357, guid: 9e345db47180f254f924aa2a9a605c4d,
        type: 3}
      propertyPath: m_Points.m_Paths.Array.data[0].Array.data[2].y
      value: 1.7393556
      objectReference: {fileID: 0}
    - target: {fileID: 4664608179390407357, guid: 9e345db47180f254f924aa2a9a605c4d,
        type: 3}
      propertyPath: m_Points.m_Paths.Array.data[0].Array.data[8].x
      value: -2.9157095
      objectReference: {fileID: 0}
    - target: {fileID: 4664608179390407357, guid: 9e345db47180f254f924aa2a9a605c4d,
        type: 3}
      propertyPath: m_Points.m_Paths.Array.data[0].Array.data[8].y
      value: -0.52499557
      objectReference: {fileID: 0}
    - target: {fileID: 4664608179390407357, guid: 9e345db47180f254f924aa2a9a605c4d,
        type: 3}
      propertyPath: m_Points.m_Paths.Array.data[0].Array.data[9].x
      value: -7.094156
      objectReference: {fileID: 0}
    - target: {fileID: 4664608179390407357, guid: 9e345db47180f254f924aa2a9a605c4d,
        type: 3}
      propertyPath: m_Points.m_Paths.Array.data[0].Array.data[9].y
      value: 1.4615166
      objectReference: {fileID: 0}
    - target: {fileID: 4664608179390407357, guid: 9e345db47180f254f924aa2a9a605c4d,
        type: 3}
      propertyPath: m_Points.m_Paths.Array.data[0].Array.data[10].x
      value: -7.67553
      objectReference: {fileID: 0}
    - target: {fileID: 4664608179390407357, guid: 9e345db47180f254f924aa2a9a605c4d,
        type: 3}
      propertyPath: m_Points.m_Paths.Array.data[0].Array.data[10].y
      value: 0.52262425
      objectReference: {fileID: 0}
    - target: {fileID: 4664608179390407357, guid: 9e345db47180f254f924aa2a9a605c4d,
        type: 3}
      propertyPath: m_Points.m_Paths.Array.data[0].Array.data[0].x
      value: -5.5923467
      objectReference: {fileID: 0}
    - target: {fileID: 4664608179390407357, guid: 9e345db47180f254f924aa2a9a605c4d,
        type: 3}
      propertyPath: m_Points.m_Paths.Array.data[0].Array.data[0].y
      value: 1.2394187
      objectReference: {fileID: 0}
    - target: {fileID: 4664608179390407357, guid: 9e345db47180f254f924aa2a9a605c4d,
        type: 3}
      propertyPath: m_Points.m_Paths.Array.data[0].Array.data[1].x
      value: -5.820936
      objectReference: {fileID: 0}
    - target: {fileID: 4664608179390407357, guid: 9e345db47180f254f924aa2a9a605c4d,
        type: 3}
      propertyPath: m_Points.m_Paths.Array.data[0].Array.data[1].y
      value: 1.8989017
      objectReference: {fileID: 0}
    - target: {fileID: 4664608179390407357, guid: 9e345db47180f254f924aa2a9a605c4d,
        type: 3}
      propertyPath: m_Points.m_Paths.Array.data[0].Array.data[11].x
      value: -7.7769403
      objectReference: {fileID: 0}
    - target: {fileID: 4664608179390407357, guid: 9e345db47180f254f924aa2a9a605c4d,
        type: 3}
      propertyPath: m_Points.m_Paths.Array.data[0].Array.data[11].y
      value: 0.20738858
      objectReference: {fileID: 0}
    - target: {fileID: 4664608179390407357, guid: 9e345db47180f254f924aa2a9a605c4d,
        type: 3}
      propertyPath: m_Points.m_Paths.Array.data[0].Array.data[12].x
      value: -8.339332
      objectReference: {fileID: 0}
    - target: {fileID: 4664608179390407357, guid: 9e345db47180f254f924aa2a9a605c4d,
        type: 3}
      propertyPath: m_Points.m_Paths.Array.data[0].Array.data[12].y
      value: 0.006022513
      objectReference: {fileID: 0}
    - target: {fileID: 4664608179390407357, guid: 9e345db47180f254f924aa2a9a605c4d,
        type: 3}
      propertyPath: m_Points.m_Paths.Array.data[0].Array.data[13].x
      value: -9.0251465
      objectReference: {fileID: 0}
    - target: {fileID: 4664608179390407357, guid: 9e345db47180f254f924aa2a9a605c4d,
        type: 3}
      propertyPath: m_Points.m_Paths.Array.data[0].Array.data[13].y
      value: -0.89639986
      objectReference: {fileID: 0}
    m_RemovedComponents: []
  m_SourcePrefab: {fileID: 100100000, guid: 9e345db47180f254f924aa2a9a605c4d, type: 3}
--- !u!43 &1096849307
Mesh:
  m_ObjectHideFlags: 0
  m_CorrespondingSourceObject: {fileID: 0}
  m_PrefabInstance: {fileID: 0}
  m_PrefabAsset: {fileID: 0}
  m_Name: 
  serializedVersion: 10
  m_SubMeshes:
  - serializedVersion: 2
    firstByte: 0
    indexCount: 6
    topology: 0
    baseVertex: 0
    firstVertex: 0
    vertexCount: 4
    localAABB:
      m_Center: {x: 1.1099999, y: 0, z: 0}
      m_Extent: {x: 8.89, y: 0.5, z: 0}
  m_Shapes:
    vertices: []
    shapes: []
    channels: []
    fullWeights: []
  m_BindPose: []
  m_BoneNameHashes: 
  m_RootBoneNameHash: 0
  m_BonesAABB: []
  m_VariableBoneCountWeights:
    m_Data: 
  m_MeshCompression: 0
  m_IsReadable: 1
  m_KeepVertices: 1
  m_KeepIndices: 1
  m_IndexFormat: 0
  m_IndexBuffer: 000001000200020003000000
  m_VertexData:
    serializedVersion: 3
    m_VertexCount: 4
    m_Channels:
    - stream: 0
      offset: 0
      format: 0
      dimension: 3
    - stream: 0
      offset: 0
      format: 0
      dimension: 0
    - stream: 0
      offset: 0
      format: 0
      dimension: 0
    - stream: 0
      offset: 0
      format: 0
      dimension: 0
    - stream: 0
      offset: 12
      format: 0
      dimension: 2
    - stream: 0
      offset: 0
      format: 0
      dimension: 0
    - stream: 0
      offset: 0
      format: 0
      dimension: 0
    - stream: 0
      offset: 0
      format: 0
      dimension: 0
    - stream: 0
      offset: 0
      format: 0
      dimension: 0
    - stream: 0
      offset: 0
      format: 0
      dimension: 0
    - stream: 0
      offset: 0
      format: 0
      dimension: 0
    - stream: 0
      offset: 0
      format: 0
      dimension: 0
    - stream: 0
      offset: 0
      format: 0
      dimension: 0
    - stream: 0
      offset: 0
      format: 0
      dimension: 0
    m_DataSize: 80
    _typelessdata: c3f5f8c0000000bf00000000c3f5f8c0000000bfc3f5f8c00000003f00000000c3f5f8c00000003f000020410000003f00000000000020410000003f00002041000000bf0000000000002041000000bf
  m_CompressedMesh:
    m_Vertices:
      m_NumItems: 0
      m_Range: 0
      m_Start: 0
      m_Data: 
      m_BitSize: 0
    m_UV:
      m_NumItems: 0
      m_Range: 0
      m_Start: 0
      m_Data: 
      m_BitSize: 0
    m_Normals:
      m_NumItems: 0
      m_Range: 0
      m_Start: 0
      m_Data: 
      m_BitSize: 0
    m_Tangents:
      m_NumItems: 0
      m_Range: 0
      m_Start: 0
      m_Data: 
      m_BitSize: 0
    m_Weights:
      m_NumItems: 0
      m_Data: 
      m_BitSize: 0
    m_NormalSigns:
      m_NumItems: 0
      m_Data: 
      m_BitSize: 0
    m_TangentSigns:
      m_NumItems: 0
      m_Data: 
      m_BitSize: 0
    m_FloatColors:
      m_NumItems: 0
      m_Range: 0
      m_Start: 0
      m_Data: 
      m_BitSize: 0
    m_BoneIndices:
      m_NumItems: 0
      m_Data: 
      m_BitSize: 0
    m_Triangles:
      m_NumItems: 0
      m_Data: 
      m_BitSize: 0
    m_UVInfo: 0
  m_LocalAABB:
    m_Center: {x: 1.1099999, y: 0, z: 0}
    m_Extent: {x: 8.89, y: 0.5, z: 0}
  m_MeshUsageFlags: 0
  m_BakedConvexCollisionMesh: 
  m_BakedTriangleCollisionMesh: 
  m_MeshMetrics[0]: 1
  m_MeshMetrics[1]: 1
  m_MeshOptimizationFlags: 1
  m_StreamData:
    offset: 0
    size: 0
    path: 
--- !u!1001 &1099722205
PrefabInstance:
  m_ObjectHideFlags: 0
  serializedVersion: 2
  m_Modification:
    m_TransformParent: {fileID: 0}
    m_Modifications:
    - target: {fileID: 4664608179390407356, guid: 9e345db47180f254f924aa2a9a605c4d,
        type: 3}
      propertyPath: m_Name
      value: Polygon (1)
      objectReference: {fileID: 0}
    - target: {fileID: 4664608179390407331, guid: 9e345db47180f254f924aa2a9a605c4d,
        type: 3}
      propertyPath: m_LocalPosition.x
      value: 0.721
      objectReference: {fileID: 0}
    - target: {fileID: 4664608179390407331, guid: 9e345db47180f254f924aa2a9a605c4d,
        type: 3}
      propertyPath: m_LocalPosition.y
      value: 1.414
      objectReference: {fileID: 0}
    - target: {fileID: 4664608179390407331, guid: 9e345db47180f254f924aa2a9a605c4d,
        type: 3}
      propertyPath: m_LocalPosition.z
      value: 0
      objectReference: {fileID: 0}
    - target: {fileID: 4664608179390407331, guid: 9e345db47180f254f924aa2a9a605c4d,
        type: 3}
      propertyPath: m_LocalRotation.x
      value: -0
      objectReference: {fileID: 0}
    - target: {fileID: 4664608179390407331, guid: 9e345db47180f254f924aa2a9a605c4d,
        type: 3}
      propertyPath: m_LocalRotation.y
      value: -0
      objectReference: {fileID: 0}
    - target: {fileID: 4664608179390407331, guid: 9e345db47180f254f924aa2a9a605c4d,
        type: 3}
      propertyPath: m_LocalRotation.z
      value: -0
      objectReference: {fileID: 0}
    - target: {fileID: 4664608179390407331, guid: 9e345db47180f254f924aa2a9a605c4d,
        type: 3}
      propertyPath: m_LocalRotation.w
      value: 1
      objectReference: {fileID: 0}
    - target: {fileID: 4664608179390407331, guid: 9e345db47180f254f924aa2a9a605c4d,
        type: 3}
      propertyPath: m_RootOrder
      value: 7
      objectReference: {fileID: 0}
    - target: {fileID: 4664608179390407331, guid: 9e345db47180f254f924aa2a9a605c4d,
        type: 3}
      propertyPath: m_LocalEulerAnglesHint.x
      value: 0
      objectReference: {fileID: 0}
    - target: {fileID: 4664608179390407331, guid: 9e345db47180f254f924aa2a9a605c4d,
        type: 3}
      propertyPath: m_LocalEulerAnglesHint.y
      value: 0
      objectReference: {fileID: 0}
    - target: {fileID: 4664608179390407331, guid: 9e345db47180f254f924aa2a9a605c4d,
        type: 3}
      propertyPath: m_LocalEulerAnglesHint.z
      value: 0
      objectReference: {fileID: 0}
    - target: {fileID: 4664608179390407331, guid: 9e345db47180f254f924aa2a9a605c4d,
        type: 3}
      propertyPath: m_LocalScale.x
      value: 1
      objectReference: {fileID: 0}
    - target: {fileID: 4664608179390407329, guid: 9e345db47180f254f924aa2a9a605c4d,
        type: 3}
      propertyPath: m_Mesh
      value: 
      objectReference: {fileID: 440205693}
    - target: {fileID: 4664608179390407357, guid: 9e345db47180f254f924aa2a9a605c4d,
        type: 3}
      propertyPath: m_Points.m_Paths.Array.data[0].Array.size
      value: 16
      objectReference: {fileID: 0}
    - target: {fileID: 4664608179390407357, guid: 9e345db47180f254f924aa2a9a605c4d,
        type: 3}
      propertyPath: m_Points.m_Paths.Array.data[0].Array.data[3].x
      value: -3.6930304
      objectReference: {fileID: 0}
    - target: {fileID: 4664608179390407357, guid: 9e345db47180f254f924aa2a9a605c4d,
        type: 3}
      propertyPath: m_Points.m_Paths.Array.data[0].Array.data[3].y
      value: -1.6246799
      objectReference: {fileID: 0}
    - target: {fileID: 4664608179390407357, guid: 9e345db47180f254f924aa2a9a605c4d,
        type: 3}
      propertyPath: m_Points.m_Paths.Array.data[0].Array.data[4].x
      value: -2.7599504
      objectReference: {fileID: 0}
    - target: {fileID: 4664608179390407357, guid: 9e345db47180f254f924aa2a9a605c4d,
        type: 3}
      propertyPath: m_Points.m_Paths.Array.data[0].Array.data[4].y
      value: -1.2858598
      objectReference: {fileID: 0}
    - target: {fileID: 4664608179390407357, guid: 9e345db47180f254f924aa2a9a605c4d,
        type: 3}
      propertyPath: m_Points.m_Paths.Array.data[0].Array.data[5].x
      value: -2.3658614
      objectReference: {fileID: 0}
    - target: {fileID: 4664608179390407357, guid: 9e345db47180f254f924aa2a9a605c4d,
        type: 3}
      propertyPath: m_Points.m_Paths.Array.data[0].Array.data[5].y
      value: -0.3920954
      objectReference: {fileID: 0}
    - target: {fileID: 4664608179390407357, guid: 9e345db47180f254f924aa2a9a605c4d,
        type: 3}
      propertyPath: m_Points.m_Paths.Array.data[0].Array.data[6].x
      value: -4.5361485
      objectReference: {fileID: 0}
    - target: {fileID: 4664608179390407357, guid: 9e345db47180f254f924aa2a9a605c4d,
        type: 3}
      propertyPath: m_Points.m_Paths.Array.data[0].Array.data[6].y
      value: -0.29021764
      objectReference: {fileID: 0}
    - target: {fileID: 4664608179390407357, guid: 9e345db47180f254f924aa2a9a605c4d,
        type: 3}
      propertyPath: m_Points.m_Paths.Array.data[0].Array.data[7].x
      value: -5.1737986
      objectReference: {fileID: 0}
    - target: {fileID: 4664608179390407357, guid: 9e345db47180f254f924aa2a9a605c4d,
        type: 3}
      propertyPath: m_Points.m_Paths.Array.data[0].Array.data[7].y
      value: -0.041023135
      objectReference: {fileID: 0}
    - target: {fileID: 4664608179390407357, guid: 9e345db47180f254f924aa2a9a605c4d,
        type: 3}
      propertyPath: m_Points.m_Paths.Array.data[0].Array.data[2].x
      value: -4.165272
      objectReference: {fileID: 0}
    - target: {fileID: 4664608179390407357, guid: 9e345db47180f254f924aa2a9a605c4d,
        type: 3}
      propertyPath: m_Points.m_Paths.Array.data[0].Array.data[2].y
      value: -1.3559014
      objectReference: {fileID: 0}
    - target: {fileID: 4664608179390407357, guid: 9e345db47180f254f924aa2a9a605c4d,
        type: 3}
      propertyPath: m_Points.m_Paths.Array.data[0].Array.data[8].x
      value: -5.400276
      objectReference: {fileID: 0}
    - target: {fileID: 4664608179390407357, guid: 9e345db47180f254f924aa2a9a605c4d,
        type: 3}
      propertyPath: m_Points.m_Paths.Array.data[0].Array.data[8].y
      value: 1.8131952
      objectReference: {fileID: 0}
    - target: {fileID: 4664608179390407357, guid: 9e345db47180f254f924aa2a9a605c4d,
        type: 3}
      propertyPath: m_Points.m_Paths.Array.data[0].Array.data[9].x
      value: -5.803047
      objectReference: {fileID: 0}
    - target: {fileID: 4664608179390407357, guid: 9e345db47180f254f924aa2a9a605c4d,
        type: 3}
      propertyPath: m_Points.m_Paths.Array.data[0].Array.data[9].y
      value: 3.1527934
      objectReference: {fileID: 0}
    - target: {fileID: 4664608179390407357, guid: 9e345db47180f254f924aa2a9a605c4d,
        type: 3}
      propertyPath: m_Points.m_Paths.Array.data[0].Array.data[10].x
      value: -7.083951
      objectReference: {fileID: 0}
    - target: {fileID: 4664608179390407357, guid: 9e345db47180f254f924aa2a9a605c4d,
        type: 3}
      propertyPath: m_Points.m_Paths.Array.data[0].Array.data[10].y
      value: 3.3100839
      objectReference: {fileID: 0}
    - target: {fileID: 4664608179390407357, guid: 9e345db47180f254f924aa2a9a605c4d,
        type: 3}
      propertyPath: m_Points.m_Paths.Array.data[0].Array.data[0].x
      value: -7.493947
      objectReference: {fileID: 0}
    - target: {fileID: 4664608179390407357, guid: 9e345db47180f254f924aa2a9a605c4d,
        type: 3}
      propertyPath: m_Points.m_Paths.Array.data[0].Array.data[0].y
      value: -0.9216149
      objectReference: {fileID: 0}
    - target: {fileID: 4664608179390407357, guid: 9e345db47180f254f924aa2a9a605c4d,
        type: 3}
      propertyPath: m_Points.m_Paths.Array.data[0].Array.data[1].x
      value: -6.1691327
      objectReference: {fileID: 0}
    - target: {fileID: 4664608179390407357, guid: 9e345db47180f254f924aa2a9a605c4d,
        type: 3}
      propertyPath: m_Points.m_Paths.Array.data[0].Array.data[1].y
      value: -0.7839025
      objectReference: {fileID: 0}
    - target: {fileID: 4664608179390407357, guid: 9e345db47180f254f924aa2a9a605c4d,
        type: 3}
      propertyPath: m_Points.m_Paths.Array.data[0].Array.data[11].x
      value: -7.505671
      objectReference: {fileID: 0}
    - target: {fileID: 4664608179390407357, guid: 9e345db47180f254f924aa2a9a605c4d,
        type: 3}
      propertyPath: m_Points.m_Paths.Array.data[0].Array.data[11].y
      value: 3.2989945
      objectReference: {fileID: 0}
    - target: {fileID: 4664608179390407357, guid: 9e345db47180f254f924aa2a9a605c4d,
        type: 3}
      propertyPath: m_Points.m_Paths.Array.data[0].Array.data[12].x
      value: -7.67553
      objectReference: {fileID: 0}
    - target: {fileID: 4664608179390407357, guid: 9e345db47180f254f924aa2a9a605c4d,
        type: 3}
      propertyPath: m_Points.m_Paths.Array.data[0].Array.data[12].y
      value: 0.52262425
      objectReference: {fileID: 0}
    - target: {fileID: 4664608179390407357, guid: 9e345db47180f254f924aa2a9a605c4d,
        type: 3}
      propertyPath: m_Points.m_Paths.Array.data[0].Array.data[13].x
      value: -7.7769403
      objectReference: {fileID: 0}
    - target: {fileID: 4664608179390407357, guid: 9e345db47180f254f924aa2a9a605c4d,
        type: 3}
      propertyPath: m_Points.m_Paths.Array.data[0].Array.data[13].y
      value: 0.20738858
      objectReference: {fileID: 0}
    - target: {fileID: 4664608179390407357, guid: 9e345db47180f254f924aa2a9a605c4d,
        type: 3}
      propertyPath: m_Points.m_Paths.Array.data[0].Array.data[14].x
      value: -8.339332
      objectReference: {fileID: 0}
    - target: {fileID: 4664608179390407357, guid: 9e345db47180f254f924aa2a9a605c4d,
        type: 3}
      propertyPath: m_Points.m_Paths.Array.data[0].Array.data[14].y
      value: 0.006022513
      objectReference: {fileID: 0}
    - target: {fileID: 4664608179390407357, guid: 9e345db47180f254f924aa2a9a605c4d,
        type: 3}
      propertyPath: m_Points.m_Paths.Array.data[0].Array.data[15].x
      value: -8.65904
      objectReference: {fileID: 0}
    - target: {fileID: 4664608179390407357, guid: 9e345db47180f254f924aa2a9a605c4d,
        type: 3}
      propertyPath: m_Points.m_Paths.Array.data[0].Array.data[15].y
      value: -0.8232187
      objectReference: {fileID: 0}
    m_RemovedComponents: []
  m_SourcePrefab: {fileID: 100100000, guid: 9e345db47180f254f924aa2a9a605c4d, type: 3}
--- !u!1001 &1113791376
PrefabInstance:
  m_ObjectHideFlags: 0
  serializedVersion: 2
  m_Modification:
    m_TransformParent: {fileID: 0}
    m_Modifications:
    - target: {fileID: 8989783790444235329, guid: 045cabb90205ab64f9444bc64b7fa2a7,
        type: 3}
      propertyPath: m_Name
      value: Emitter
      objectReference: {fileID: 0}
    - target: {fileID: 8989783790444235329, guid: 045cabb90205ab64f9444bc64b7fa2a7,
        type: 3}
      propertyPath: m_IsActive
      value: 1
      objectReference: {fileID: 0}
    - target: {fileID: 8989783790444235332, guid: 045cabb90205ab64f9444bc64b7fa2a7,
        type: 3}
      propertyPath: m_LocalPosition.x
      value: -4.15
      objectReference: {fileID: 0}
    - target: {fileID: 8989783790444235332, guid: 045cabb90205ab64f9444bc64b7fa2a7,
        type: 3}
      propertyPath: m_LocalPosition.y
      value: -2.12
      objectReference: {fileID: 0}
    - target: {fileID: 8989783790444235332, guid: 045cabb90205ab64f9444bc64b7fa2a7,
        type: 3}
      propertyPath: m_LocalPosition.z
      value: 0
      objectReference: {fileID: 0}
    - target: {fileID: 8989783790444235332, guid: 045cabb90205ab64f9444bc64b7fa2a7,
        type: 3}
      propertyPath: m_LocalRotation.x
      value: 0
      objectReference: {fileID: 0}
    - target: {fileID: 8989783790444235332, guid: 045cabb90205ab64f9444bc64b7fa2a7,
        type: 3}
      propertyPath: m_LocalRotation.y
      value: 0
      objectReference: {fileID: 0}
    - target: {fileID: 8989783790444235332, guid: 045cabb90205ab64f9444bc64b7fa2a7,
        type: 3}
      propertyPath: m_LocalRotation.z
      value: 0
      objectReference: {fileID: 0}
    - target: {fileID: 8989783790444235332, guid: 045cabb90205ab64f9444bc64b7fa2a7,
        type: 3}
      propertyPath: m_LocalRotation.w
      value: 1
      objectReference: {fileID: 0}
    - target: {fileID: 8989783790444235332, guid: 045cabb90205ab64f9444bc64b7fa2a7,
        type: 3}
      propertyPath: m_RootOrder
      value: 4
      objectReference: {fileID: 0}
    - target: {fileID: 8989783790444235332, guid: 045cabb90205ab64f9444bc64b7fa2a7,
        type: 3}
      propertyPath: m_LocalEulerAnglesHint.x
      value: 0
      objectReference: {fileID: 0}
    - target: {fileID: 8989783790444235332, guid: 045cabb90205ab64f9444bc64b7fa2a7,
        type: 3}
      propertyPath: m_LocalEulerAnglesHint.y
      value: 0
      objectReference: {fileID: 0}
    - target: {fileID: 8989783790444235332, guid: 045cabb90205ab64f9444bc64b7fa2a7,
        type: 3}
      propertyPath: m_LocalEulerAnglesHint.z
      value: 0
      objectReference: {fileID: 0}
    m_RemovedComponents: []
  m_SourcePrefab: {fileID: 100100000, guid: 045cabb90205ab64f9444bc64b7fa2a7, type: 3}
--- !u!1 &1194205085
GameObject:
  m_ObjectHideFlags: 0
  m_CorrespondingSourceObject: {fileID: 0}
  m_PrefabInstance: {fileID: 0}
  m_PrefabAsset: {fileID: 0}
  serializedVersion: 6
  m_Component:
  - component: {fileID: 1194205089}
  - component: {fileID: 1194205088}
  - component: {fileID: 1194205087}
  - component: {fileID: 1194205086}
  m_Layer: 0
  m_Name: Plane
  m_TagString: Untagged
  m_Icon: {fileID: 0}
  m_NavMeshLayer: 0
  m_StaticEditorFlags: 0
  m_IsActive: 1
--- !u!64 &1194205086
MeshCollider:
  m_ObjectHideFlags: 0
  m_CorrespondingSourceObject: {fileID: 0}
  m_PrefabInstance: {fileID: 0}
  m_PrefabAsset: {fileID: 0}
  m_GameObject: {fileID: 1194205085}
  m_Material: {fileID: 0}
  m_IsTrigger: 0
  m_Enabled: 1
  serializedVersion: 3
  m_Convex: 0
  m_CookingOptions: 14
  m_Mesh: {fileID: 10209, guid: 0000000000000000e000000000000000, type: 0}
--- !u!23 &1194205087
MeshRenderer:
  m_ObjectHideFlags: 0
  m_CorrespondingSourceObject: {fileID: 0}
  m_PrefabInstance: {fileID: 0}
  m_PrefabAsset: {fileID: 0}
  m_GameObject: {fileID: 1194205085}
  m_Enabled: 0
  m_CastShadows: 1
  m_ReceiveShadows: 1
  m_DynamicOccludee: 1
  m_MotionVectors: 1
  m_LightProbeUsage: 1
  m_ReflectionProbeUsage: 1
  m_RenderingLayerMask: 1
  m_RendererPriority: 0
  m_Materials:
  - {fileID: 2100000, guid: f040e2a6f3fbb0c488de764889e65a22, type: 2}
  m_StaticBatchInfo:
    firstSubMesh: 0
    subMeshCount: 0
  m_StaticBatchRoot: {fileID: 0}
  m_ProbeAnchor: {fileID: 0}
  m_LightProbeVolumeOverride: {fileID: 0}
  m_ScaleInLightmap: 1
  m_PreserveUVs: 0
  m_IgnoreNormalsForChartDetection: 0
  m_ImportantGI: 0
  m_StitchLightmapSeams: 1
  m_SelectedEditorRenderState: 3
  m_MinimumChartSize: 4
  m_AutoUVMaxDistance: 0.5
  m_AutoUVMaxAngle: 89
  m_LightmapParameters: {fileID: 0}
  m_SortingLayerID: 0
  m_SortingLayer: 0
  m_SortingOrder: 0
--- !u!33 &1194205088
MeshFilter:
  m_ObjectHideFlags: 0
  m_CorrespondingSourceObject: {fileID: 0}
  m_PrefabInstance: {fileID: 0}
  m_PrefabAsset: {fileID: 0}
  m_GameObject: {fileID: 1194205085}
  m_Mesh: {fileID: 10209, guid: 0000000000000000e000000000000000, type: 0}
--- !u!4 &1194205089
Transform:
  m_ObjectHideFlags: 0
  m_CorrespondingSourceObject: {fileID: 0}
  m_PrefabInstance: {fileID: 0}
  m_PrefabAsset: {fileID: 0}
  m_GameObject: {fileID: 1194205085}
  m_LocalRotation: {x: 0, y: -0.70710677, z: 0.70710677, w: 0}
  m_LocalPosition: {x: -0.1, y: -0.2, z: 1}
  m_LocalScale: {x: 2.609949, y: 11.693092, z: 2.1696}
  m_Children: []
  m_Father: {fileID: 0}
  m_RootOrder: 6
  m_LocalEulerAnglesHint: {x: 90, y: -90, z: 90}
--- !u!1 &1243676039
GameObject:
  m_ObjectHideFlags: 0
  m_CorrespondingSourceObject: {fileID: 0}
  m_PrefabInstance: {fileID: 0}
  m_PrefabAsset: {fileID: 0}
  serializedVersion: 6
  m_Component:
  - component: {fileID: 1243676042}
  - component: {fileID: 1243676041}
  - component: {fileID: 1243676040}
  m_Layer: 0
  m_Name: Main Camera
  m_TagString: MainCamera
  m_Icon: {fileID: 0}
  m_NavMeshLayer: 0
  m_StaticEditorFlags: 0
  m_IsActive: 1
--- !u!81 &1243676040
AudioListener:
  m_ObjectHideFlags: 0
  m_CorrespondingSourceObject: {fileID: 0}
  m_PrefabInstance: {fileID: 0}
  m_PrefabAsset: {fileID: 0}
  m_GameObject: {fileID: 1243676039}
  m_Enabled: 1
--- !u!20 &1243676041
Camera:
  m_ObjectHideFlags: 0
  m_CorrespondingSourceObject: {fileID: 0}
  m_PrefabInstance: {fileID: 0}
  m_PrefabAsset: {fileID: 0}
  m_GameObject: {fileID: 1243676039}
  m_Enabled: 1
  serializedVersion: 2
  m_ClearFlags: 1
  m_BackGroundColor: {r: 0.05660379, g: 0.05660379, b: 0.05660379, a: 0}
  m_projectionMatrixMode: 1
  m_GateFitMode: 2
  m_FOVAxisMode: 0
  m_SensorSize: {x: 36, y: 24}
  m_LensShift: {x: 0, y: 0}
  m_FocalLength: 50
  m_NormalizedViewPortRect:
    serializedVersion: 2
    x: 0
    y: 0
    width: 1
    height: 1
  near clip plane: 0.3
  far clip plane: 1000
  field of view: 60
  orthographic: 1
  orthographic size: 5
  m_Depth: -1
  m_CullingMask:
    serializedVersion: 2
    m_Bits: 4294967295
  m_RenderingPath: -1
  m_TargetTexture: {fileID: 0}
  m_TargetDisplay: 0
  m_TargetEye: 3
  m_HDR: 1
  m_AllowMSAA: 1
  m_AllowDynamicResolution: 0
  m_ForceIntoRT: 0
  m_OcclusionCulling: 1
  m_StereoConvergence: 10
  m_StereoSeparation: 0.022
--- !u!4 &1243676042
Transform:
  m_ObjectHideFlags: 0
  m_CorrespondingSourceObject: {fileID: 0}
  m_PrefabInstance: {fileID: 0}
  m_PrefabAsset: {fileID: 0}
  m_GameObject: {fileID: 1243676039}
  m_LocalRotation: {x: 0, y: 0, z: 0, w: 1}
  m_LocalPosition: {x: 0, y: 0, z: -10}
  m_LocalScale: {x: 1, y: 1, z: 1}
  m_Children: []
  m_Father: {fileID: 0}
  m_RootOrder: 0
  m_LocalEulerAnglesHint: {x: 0, y: 0, z: 0}
--- !u!43 &1289566728
Mesh:
  m_ObjectHideFlags: 0
  m_CorrespondingSourceObject: {fileID: 0}
  m_PrefabInstance: {fileID: 0}
  m_PrefabAsset: {fileID: 0}
  m_Name: 
  serializedVersion: 10
  m_SubMeshes:
  - serializedVersion: 2
    firstByte: 0
    indexCount: 6
    topology: 0
    baseVertex: 0
    firstVertex: 0
    vertexCount: 4
    localAABB:
      m_Center: {x: 0, y: -3.5350003, z: 0}
      m_Extent: {x: 0.5, y: 4.735, z: 0}
  m_Shapes:
    vertices: []
    shapes: []
    channels: []
    fullWeights: []
  m_BindPose: []
  m_BoneNameHashes: 
  m_RootBoneNameHash: 0
  m_BonesAABB: []
  m_VariableBoneCountWeights:
    m_Data: 
  m_MeshCompression: 0
  m_IsReadable: 1
  m_KeepVertices: 1
  m_KeepIndices: 1
  m_IndexFormat: 0
  m_IndexBuffer: 030002000100010000000300
  m_VertexData:
    serializedVersion: 3
    m_VertexCount: 4
    m_Channels:
    - stream: 0
      offset: 0
      format: 0
      dimension: 3
    - stream: 0
      offset: 0
      format: 0
      dimension: 0
    - stream: 0
      offset: 0
      format: 0
      dimension: 0
    - stream: 0
      offset: 0
      format: 0
      dimension: 0
    - stream: 0
      offset: 12
      format: 0
      dimension: 2
    - stream: 0
      offset: 0
      format: 0
      dimension: 0
    - stream: 0
      offset: 0
      format: 0
      dimension: 0
    - stream: 0
      offset: 0
      format: 0
      dimension: 0
    - stream: 0
      offset: 0
      format: 0
      dimension: 0
    - stream: 0
      offset: 0
      format: 0
      dimension: 0
    - stream: 0
      offset: 0
      format: 0
      dimension: 0
    - stream: 0
      offset: 0
      format: 0
      dimension: 0
    - stream: 0
      offset: 0
      format: 0
      dimension: 0
    - stream: 0
      offset: 0
      format: 0
      dimension: 0
    m_DataSize: 80
    _typelessdata: 000000bfec5104c100000000000000bfec5104c10000003fec5104c1000000000000003fec5104c10000003f9a99993f000000000000003f9a99993f000000bf9a99993f00000000000000bf9a99993f
  m_CompressedMesh:
    m_Vertices:
      m_NumItems: 0
      m_Range: 0
      m_Start: 0
      m_Data: 
      m_BitSize: 0
    m_UV:
      m_NumItems: 0
      m_Range: 0
      m_Start: 0
      m_Data: 
      m_BitSize: 0
    m_Normals:
      m_NumItems: 0
      m_Range: 0
      m_Start: 0
      m_Data: 
      m_BitSize: 0
    m_Tangents:
      m_NumItems: 0
      m_Range: 0
      m_Start: 0
      m_Data: 
      m_BitSize: 0
    m_Weights:
      m_NumItems: 0
      m_Data: 
      m_BitSize: 0
    m_NormalSigns:
      m_NumItems: 0
      m_Data: 
      m_BitSize: 0
    m_TangentSigns:
      m_NumItems: 0
      m_Data: 
      m_BitSize: 0
    m_FloatColors:
      m_NumItems: 0
      m_Range: 0
      m_Start: 0
      m_Data: 
      m_BitSize: 0
    m_BoneIndices:
      m_NumItems: 0
      m_Data: 
      m_BitSize: 0
    m_Triangles:
      m_NumItems: 0
      m_Data: 
      m_BitSize: 0
    m_UVInfo: 0
  m_LocalAABB:
    m_Center: {x: 0, y: -3.5350003, z: 0}
    m_Extent: {x: 0.5, y: 4.735, z: 0}
  m_MeshUsageFlags: 0
  m_BakedConvexCollisionMesh: 
  m_BakedTriangleCollisionMesh: 
  m_MeshMetrics[0]: 1
  m_MeshMetrics[1]: 1
  m_MeshOptimizationFlags: 1
  m_StreamData:
    offset: 0
    size: 0
    path: 
--- !u!1001 &1296618104
PrefabInstance:
  m_ObjectHideFlags: 0
  serializedVersion: 2
  m_Modification:
    m_TransformParent: {fileID: 0}
    m_Modifications:
    - target: {fileID: 6833383434876609872, guid: 457d3c01a6f920d43bcd8155d91c84d5,
        type: 3}
      propertyPath: m_Name
      value: LevelManager
      objectReference: {fileID: 0}
    - target: {fileID: 6833383434876609875, guid: 457d3c01a6f920d43bcd8155d91c84d5,
        type: 3}
      propertyPath: m_LocalPosition.x
      value: 0
      objectReference: {fileID: 0}
    - target: {fileID: 6833383434876609875, guid: 457d3c01a6f920d43bcd8155d91c84d5,
        type: 3}
      propertyPath: m_LocalPosition.y
      value: 0
      objectReference: {fileID: 0}
    - target: {fileID: 6833383434876609875, guid: 457d3c01a6f920d43bcd8155d91c84d5,
        type: 3}
      propertyPath: m_LocalPosition.z
      value: 0
      objectReference: {fileID: 0}
    - target: {fileID: 6833383434876609875, guid: 457d3c01a6f920d43bcd8155d91c84d5,
        type: 3}
      propertyPath: m_LocalRotation.x
      value: 0
      objectReference: {fileID: 0}
    - target: {fileID: 6833383434876609875, guid: 457d3c01a6f920d43bcd8155d91c84d5,
        type: 3}
      propertyPath: m_LocalRotation.y
      value: 0
      objectReference: {fileID: 0}
    - target: {fileID: 6833383434876609875, guid: 457d3c01a6f920d43bcd8155d91c84d5,
        type: 3}
      propertyPath: m_LocalRotation.z
      value: 0
      objectReference: {fileID: 0}
    - target: {fileID: 6833383434876609875, guid: 457d3c01a6f920d43bcd8155d91c84d5,
        type: 3}
      propertyPath: m_LocalRotation.w
      value: 1
      objectReference: {fileID: 0}
    - target: {fileID: 6833383434876609875, guid: 457d3c01a6f920d43bcd8155d91c84d5,
        type: 3}
      propertyPath: m_RootOrder
      value: 12
      objectReference: {fileID: 0}
    - target: {fileID: 6833383434876609875, guid: 457d3c01a6f920d43bcd8155d91c84d5,
        type: 3}
      propertyPath: m_LocalEulerAnglesHint.x
      value: 0
      objectReference: {fileID: 0}
    - target: {fileID: 6833383434876609875, guid: 457d3c01a6f920d43bcd8155d91c84d5,
        type: 3}
      propertyPath: m_LocalEulerAnglesHint.y
      value: 0
      objectReference: {fileID: 0}
    - target: {fileID: 6833383434876609875, guid: 457d3c01a6f920d43bcd8155d91c84d5,
        type: 3}
      propertyPath: m_LocalEulerAnglesHint.z
      value: 0
      objectReference: {fileID: 0}
    - target: {fileID: 6833383434876609875, guid: 457d3c01a6f920d43bcd8155d91c84d5,
        type: 3}
      propertyPath: m_AnchoredPosition.x
      value: 0
      objectReference: {fileID: 0}
    - target: {fileID: 6833383434876609875, guid: 457d3c01a6f920d43bcd8155d91c84d5,
        type: 3}
      propertyPath: m_AnchoredPosition.y
      value: 0
      objectReference: {fileID: 0}
    - target: {fileID: 6833383434876609875, guid: 457d3c01a6f920d43bcd8155d91c84d5,
        type: 3}
      propertyPath: m_SizeDelta.x
      value: 0
      objectReference: {fileID: 0}
    - target: {fileID: 6833383434876609875, guid: 457d3c01a6f920d43bcd8155d91c84d5,
        type: 3}
      propertyPath: m_SizeDelta.y
      value: 0
      objectReference: {fileID: 0}
    - target: {fileID: 6833383434876609875, guid: 457d3c01a6f920d43bcd8155d91c84d5,
        type: 3}
      propertyPath: m_AnchorMin.x
      value: 0
      objectReference: {fileID: 0}
    - target: {fileID: 6833383434876609875, guid: 457d3c01a6f920d43bcd8155d91c84d5,
        type: 3}
      propertyPath: m_AnchorMin.y
      value: 0
      objectReference: {fileID: 0}
    - target: {fileID: 6833383434876609875, guid: 457d3c01a6f920d43bcd8155d91c84d5,
        type: 3}
      propertyPath: m_AnchorMax.x
      value: 0
      objectReference: {fileID: 0}
    - target: {fileID: 6833383434876609875, guid: 457d3c01a6f920d43bcd8155d91c84d5,
        type: 3}
      propertyPath: m_AnchorMax.y
      value: 0
      objectReference: {fileID: 0}
    - target: {fileID: 6833383434876609875, guid: 457d3c01a6f920d43bcd8155d91c84d5,
        type: 3}
      propertyPath: m_Pivot.x
      value: 0
      objectReference: {fileID: 0}
    - target: {fileID: 6833383434876609875, guid: 457d3c01a6f920d43bcd8155d91c84d5,
        type: 3}
      propertyPath: m_Pivot.y
      value: 0
      objectReference: {fileID: 0}
    - target: {fileID: 6833383434876609873, guid: 457d3c01a6f920d43bcd8155d91c84d5,
        type: 3}
      propertyPath: currentLevel
      value: 4
      objectReference: {fileID: 0}
    m_RemovedComponents: []
  m_SourcePrefab: {fileID: 100100000, guid: 457d3c01a6f920d43bcd8155d91c84d5, type: 3}
--- !u!1001 &1318844088
PrefabInstance:
  m_ObjectHideFlags: 0
  serializedVersion: 2
  m_Modification:
    m_TransformParent: {fileID: 0}
    m_Modifications:
    - target: {fileID: 3437265773780425873, guid: 9b4a3c0217c50bb46977ab07dc93a288,
        type: 3}
      propertyPath: m_Name
      value: Player (1)
      objectReference: {fileID: 0}
    - target: {fileID: 3437265773780425834, guid: 9b4a3c0217c50bb46977ab07dc93a288,
        type: 3}
      propertyPath: m_LocalPosition.x
      value: -2.8908098
      objectReference: {fileID: 0}
    - target: {fileID: 3437265773780425834, guid: 9b4a3c0217c50bb46977ab07dc93a288,
        type: 3}
      propertyPath: m_LocalPosition.y
      value: 1.3795048
      objectReference: {fileID: 0}
    - target: {fileID: 3437265773780425834, guid: 9b4a3c0217c50bb46977ab07dc93a288,
        type: 3}
      propertyPath: m_LocalPosition.z
      value: 0
      objectReference: {fileID: 0}
    - target: {fileID: 3437265773780425834, guid: 9b4a3c0217c50bb46977ab07dc93a288,
        type: 3}
      propertyPath: m_LocalRotation.x
      value: 0
      objectReference: {fileID: 0}
    - target: {fileID: 3437265773780425834, guid: 9b4a3c0217c50bb46977ab07dc93a288,
        type: 3}
      propertyPath: m_LocalRotation.y
      value: 0
      objectReference: {fileID: 0}
    - target: {fileID: 3437265773780425834, guid: 9b4a3c0217c50bb46977ab07dc93a288,
        type: 3}
      propertyPath: m_LocalRotation.z
      value: 0
      objectReference: {fileID: 0}
    - target: {fileID: 3437265773780425834, guid: 9b4a3c0217c50bb46977ab07dc93a288,
        type: 3}
      propertyPath: m_LocalRotation.w
      value: 1
      objectReference: {fileID: 0}
    - target: {fileID: 3437265773780425834, guid: 9b4a3c0217c50bb46977ab07dc93a288,
        type: 3}
      propertyPath: m_RootOrder
      value: 2
      objectReference: {fileID: 0}
    - target: {fileID: 3437265773780425834, guid: 9b4a3c0217c50bb46977ab07dc93a288,
        type: 3}
      propertyPath: m_LocalEulerAnglesHint.x
      value: 0
      objectReference: {fileID: 0}
    - target: {fileID: 3437265773780425834, guid: 9b4a3c0217c50bb46977ab07dc93a288,
        type: 3}
      propertyPath: m_LocalEulerAnglesHint.y
      value: 0
      objectReference: {fileID: 0}
    - target: {fileID: 3437265773780425834, guid: 9b4a3c0217c50bb46977ab07dc93a288,
        type: 3}
      propertyPath: m_LocalEulerAnglesHint.z
      value: 0
      objectReference: {fileID: 0}
    - target: {fileID: 3437265773780425878, guid: 9b4a3c0217c50bb46977ab07dc93a288,
        type: 3}
      propertyPath: m_Constraints
      value: 4
      objectReference: {fileID: 0}
    m_RemovedComponents: []
  m_SourcePrefab: {fileID: 100100000, guid: 9b4a3c0217c50bb46977ab07dc93a288, type: 3}
--- !u!1001 &1321927489
PrefabInstance:
  m_ObjectHideFlags: 0
  serializedVersion: 2
  m_Modification:
    m_TransformParent: {fileID: 0}
    m_Modifications:
    - target: {fileID: 6001013765091654420, guid: 32328ae0d19f1bf44b811d6efa457c56,
        type: 3}
      propertyPath: m_Name
      value: LightPanel
      objectReference: {fileID: 0}
    - target: {fileID: 6001013765091654411, guid: 32328ae0d19f1bf44b811d6efa457c56,
        type: 3}
      propertyPath: m_LocalPosition.x
      value: -8.168
      objectReference: {fileID: 0}
    - target: {fileID: 6001013765091654411, guid: 32328ae0d19f1bf44b811d6efa457c56,
        type: 3}
      propertyPath: m_LocalPosition.y
      value: 4.787
      objectReference: {fileID: 0}
    - target: {fileID: 6001013765091654411, guid: 32328ae0d19f1bf44b811d6efa457c56,
        type: 3}
      propertyPath: m_LocalPosition.z
      value: 0
      objectReference: {fileID: 0}
    - target: {fileID: 6001013765091654411, guid: 32328ae0d19f1bf44b811d6efa457c56,
        type: 3}
      propertyPath: m_LocalRotation.x
      value: -0
      objectReference: {fileID: 0}
    - target: {fileID: 6001013765091654411, guid: 32328ae0d19f1bf44b811d6efa457c56,
        type: 3}
      propertyPath: m_LocalRotation.y
      value: -0
      objectReference: {fileID: 0}
    - target: {fileID: 6001013765091654411, guid: 32328ae0d19f1bf44b811d6efa457c56,
        type: 3}
      propertyPath: m_LocalRotation.z
      value: 1
      objectReference: {fileID: 0}
    - target: {fileID: 6001013765091654411, guid: 32328ae0d19f1bf44b811d6efa457c56,
        type: 3}
      propertyPath: m_LocalRotation.w
      value: -0.0000019371505
      objectReference: {fileID: 0}
    - target: {fileID: 6001013765091654411, guid: 32328ae0d19f1bf44b811d6efa457c56,
        type: 3}
      propertyPath: m_RootOrder
      value: 3
      objectReference: {fileID: 0}
    - target: {fileID: 6001013765091654411, guid: 32328ae0d19f1bf44b811d6efa457c56,
        type: 3}
      propertyPath: m_LocalEulerAnglesHint.x
      value: 0
      objectReference: {fileID: 0}
    - target: {fileID: 6001013765091654411, guid: 32328ae0d19f1bf44b811d6efa457c56,
        type: 3}
      propertyPath: m_LocalEulerAnglesHint.y
      value: 0
      objectReference: {fileID: 0}
    - target: {fileID: 6001013765091654411, guid: 32328ae0d19f1bf44b811d6efa457c56,
        type: 3}
      propertyPath: m_LocalEulerAnglesHint.z
      value: -180.00002
      objectReference: {fileID: 0}
    m_RemovedComponents: []
  m_SourcePrefab: {fileID: 100100000, guid: 32328ae0d19f1bf44b811d6efa457c56, type: 3}
--- !u!1001 &1406830340
PrefabInstance:
  m_ObjectHideFlags: 0
  serializedVersion: 2
  m_Modification:
    m_TransformParent: {fileID: 0}
    m_Modifications:
    - target: {fileID: 6443933595063252538, guid: af016763081fd4b42a3a84452ddeded9,
        type: 3}
      propertyPath: m_Name
      value: LightDoor
      objectReference: {fileID: 0}
    - target: {fileID: 6443933595063252512, guid: af016763081fd4b42a3a84452ddeded9,
        type: 3}
      propertyPath: m_LocalPosition.x
      value: 5.38
      objectReference: {fileID: 0}
    - target: {fileID: 6443933595063252512, guid: af016763081fd4b42a3a84452ddeded9,
        type: 3}
      propertyPath: m_LocalPosition.y
      value: 0.73
      objectReference: {fileID: 0}
    - target: {fileID: 6443933595063252512, guid: af016763081fd4b42a3a84452ddeded9,
        type: 3}
      propertyPath: m_LocalPosition.z
      value: 0
      objectReference: {fileID: 0}
    - target: {fileID: 6443933595063252512, guid: af016763081fd4b42a3a84452ddeded9,
        type: 3}
      propertyPath: m_LocalRotation.x
      value: 0
      objectReference: {fileID: 0}
    - target: {fileID: 6443933595063252512, guid: af016763081fd4b42a3a84452ddeded9,
        type: 3}
      propertyPath: m_LocalRotation.y
      value: 0
      objectReference: {fileID: 0}
    - target: {fileID: 6443933595063252512, guid: af016763081fd4b42a3a84452ddeded9,
        type: 3}
      propertyPath: m_LocalRotation.z
      value: 0
      objectReference: {fileID: 0}
    - target: {fileID: 6443933595063252512, guid: af016763081fd4b42a3a84452ddeded9,
        type: 3}
      propertyPath: m_LocalRotation.w
      value: 1
      objectReference: {fileID: 0}
    - target: {fileID: 6443933595063252512, guid: af016763081fd4b42a3a84452ddeded9,
        type: 3}
      propertyPath: m_RootOrder
      value: 1
      objectReference: {fileID: 0}
    - target: {fileID: 6443933595063252512, guid: af016763081fd4b42a3a84452ddeded9,
        type: 3}
      propertyPath: m_LocalEulerAnglesHint.x
      value: 0
      objectReference: {fileID: 0}
    - target: {fileID: 6443933595063252512, guid: af016763081fd4b42a3a84452ddeded9,
        type: 3}
      propertyPath: m_LocalEulerAnglesHint.y
      value: 0
      objectReference: {fileID: 0}
    - target: {fileID: 6443933595063252512, guid: af016763081fd4b42a3a84452ddeded9,
        type: 3}
      propertyPath: m_LocalEulerAnglesHint.z
      value: 0
      objectReference: {fileID: 0}
    - target: {fileID: 6443933595063252542, guid: af016763081fd4b42a3a84452ddeded9,
        type: 3}
      propertyPath: _keys.Array.size
      value: 1
      objectReference: {fileID: 0}
    - target: {fileID: 6443933595063252542, guid: af016763081fd4b42a3a84452ddeded9,
        type: 3}
      propertyPath: _keys.Array.data[0]
      value: 
      objectReference: {fileID: 84933338}
    - target: {fileID: 6443933595063252542, guid: af016763081fd4b42a3a84452ddeded9,
        type: 3}
      propertyPath: _destination
      value: Level_05
      objectReference: {fileID: 0}
    m_RemovedComponents: []
  m_SourcePrefab: {fileID: 100100000, guid: af016763081fd4b42a3a84452ddeded9, type: 3}
--- !u!1001 &1592517598
PrefabInstance:
  m_ObjectHideFlags: 0
  serializedVersion: 2
  m_Modification:
    m_TransformParent: {fileID: 0}
    m_Modifications:
    - target: {fileID: 4664608179390407356, guid: 9e345db47180f254f924aa2a9a605c4d,
        type: 3}
      propertyPath: m_Name
      value: Polygon (4)
      objectReference: {fileID: 0}
    - target: {fileID: 4664608179390407331, guid: 9e345db47180f254f924aa2a9a605c4d,
        type: 3}
      propertyPath: m_LocalPosition.x
      value: 6.99
      objectReference: {fileID: 0}
    - target: {fileID: 4664608179390407331, guid: 9e345db47180f254f924aa2a9a605c4d,
        type: 3}
      propertyPath: m_LocalPosition.y
      value: -4.2
      objectReference: {fileID: 0}
    - target: {fileID: 4664608179390407331, guid: 9e345db47180f254f924aa2a9a605c4d,
        type: 3}
      propertyPath: m_LocalPosition.z
      value: 0
      objectReference: {fileID: 0}
    - target: {fileID: 4664608179390407331, guid: 9e345db47180f254f924aa2a9a605c4d,
        type: 3}
      propertyPath: m_LocalRotation.x
      value: -0
      objectReference: {fileID: 0}
    - target: {fileID: 4664608179390407331, guid: 9e345db47180f254f924aa2a9a605c4d,
        type: 3}
      propertyPath: m_LocalRotation.y
      value: -0
      objectReference: {fileID: 0}
    - target: {fileID: 4664608179390407331, guid: 9e345db47180f254f924aa2a9a605c4d,
        type: 3}
      propertyPath: m_LocalRotation.z
      value: -0
      objectReference: {fileID: 0}
    - target: {fileID: 4664608179390407331, guid: 9e345db47180f254f924aa2a9a605c4d,
        type: 3}
      propertyPath: m_LocalRotation.w
      value: 1
      objectReference: {fileID: 0}
    - target: {fileID: 4664608179390407331, guid: 9e345db47180f254f924aa2a9a605c4d,
        type: 3}
      propertyPath: m_RootOrder
      value: 10
      objectReference: {fileID: 0}
    - target: {fileID: 4664608179390407331, guid: 9e345db47180f254f924aa2a9a605c4d,
        type: 3}
      propertyPath: m_LocalEulerAnglesHint.x
      value: 0
      objectReference: {fileID: 0}
    - target: {fileID: 4664608179390407331, guid: 9e345db47180f254f924aa2a9a605c4d,
        type: 3}
      propertyPath: m_LocalEulerAnglesHint.y
      value: 0
      objectReference: {fileID: 0}
    - target: {fileID: 4664608179390407331, guid: 9e345db47180f254f924aa2a9a605c4d,
        type: 3}
      propertyPath: m_LocalEulerAnglesHint.z
      value: 0
      objectReference: {fileID: 0}
    - target: {fileID: 4664608179390407331, guid: 9e345db47180f254f924aa2a9a605c4d,
        type: 3}
      propertyPath: m_LocalScale.x
      value: 1
      objectReference: {fileID: 0}
    - target: {fileID: 4664608179390407329, guid: 9e345db47180f254f924aa2a9a605c4d,
        type: 3}
      propertyPath: m_Mesh
      value: 
      objectReference: {fileID: 2015040838}
    - target: {fileID: 4664608179390407357, guid: 9e345db47180f254f924aa2a9a605c4d,
        type: 3}
      propertyPath: m_Points.m_Paths.Array.data[0].Array.size
      value: 6
      objectReference: {fileID: 0}
    - target: {fileID: 4664608179390407357, guid: 9e345db47180f254f924aa2a9a605c4d,
        type: 3}
      propertyPath: m_Points.m_Paths.Array.data[0].Array.data[3].x
      value: -5.961755
      objectReference: {fileID: 0}
    - target: {fileID: 4664608179390407357, guid: 9e345db47180f254f924aa2a9a605c4d,
        type: 3}
      propertyPath: m_Points.m_Paths.Array.data[0].Array.data[3].y
      value: -0.39875698
      objectReference: {fileID: 0}
    - target: {fileID: 4664608179390407357, guid: 9e345db47180f254f924aa2a9a605c4d,
        type: 3}
      propertyPath: m_Points.m_Paths.Array.data[0].Array.data[4].x
      value: -4.562825
      objectReference: {fileID: 0}
    - target: {fileID: 4664608179390407357, guid: 9e345db47180f254f924aa2a9a605c4d,
        type: 3}
      propertyPath: m_Points.m_Paths.Array.data[0].Array.data[4].y
      value: 0.049895287
      objectReference: {fileID: 0}
    - target: {fileID: 4664608179390407357, guid: 9e345db47180f254f924aa2a9a605c4d,
        type: 3}
      propertyPath: m_Points.m_Paths.Array.data[0].Array.data[5].x
      value: -3.9589844
      objectReference: {fileID: 0}
    - target: {fileID: 4664608179390407357, guid: 9e345db47180f254f924aa2a9a605c4d,
        type: 3}
      propertyPath: m_Points.m_Paths.Array.data[0].Array.data[5].y
      value: 0.606745
      objectReference: {fileID: 0}
    - target: {fileID: 4664608179390407357, guid: 9e345db47180f254f924aa2a9a605c4d,
        type: 3}
      propertyPath: m_Points.m_Paths.Array.data[0].Array.data[6].x
      value: -4.0314584
      objectReference: {fileID: 0}
    - target: {fileID: 4664608179390407357, guid: 9e345db47180f254f924aa2a9a605c4d,
        type: 3}
      propertyPath: m_Points.m_Paths.Array.data[0].Array.data[6].y
      value: -1.8468766
      objectReference: {fileID: 0}
    - target: {fileID: 4664608179390407357, guid: 9e345db47180f254f924aa2a9a605c4d,
        type: 3}
      propertyPath: m_Points.m_Paths.Array.data[0].Array.data[7].x
      value: -2.6977377
      objectReference: {fileID: 0}
    - target: {fileID: 4664608179390407357, guid: 9e345db47180f254f924aa2a9a605c4d,
        type: 3}
      propertyPath: m_Points.m_Paths.Array.data[0].Array.data[7].y
      value: -1.8867264
      objectReference: {fileID: 0}
    - target: {fileID: 4664608179390407357, guid: 9e345db47180f254f924aa2a9a605c4d,
        type: 3}
      propertyPath: m_Points.m_Paths.Array.data[0].Array.data[2].x
      value: -6.363656
      objectReference: {fileID: 0}
    - target: {fileID: 4664608179390407357, guid: 9e345db47180f254f924aa2a9a605c4d,
        type: 3}
      propertyPath: m_Points.m_Paths.Array.data[0].Array.data[2].y
      value: 1.2136478
      objectReference: {fileID: 0}
    - target: {fileID: 4664608179390407357, guid: 9e345db47180f254f924aa2a9a605c4d,
        type: 3}
      propertyPath: m_Points.m_Paths.Array.data[0].Array.data[8].x
      value: -2.9157095
      objectReference: {fileID: 0}
    - target: {fileID: 4664608179390407357, guid: 9e345db47180f254f924aa2a9a605c4d,
        type: 3}
      propertyPath: m_Points.m_Paths.Array.data[0].Array.data[8].y
      value: -0.52499557
      objectReference: {fileID: 0}
    - target: {fileID: 4664608179390407357, guid: 9e345db47180f254f924aa2a9a605c4d,
        type: 3}
      propertyPath: m_Points.m_Paths.Array.data[0].Array.data[9].x
      value: -7.094156
      objectReference: {fileID: 0}
    - target: {fileID: 4664608179390407357, guid: 9e345db47180f254f924aa2a9a605c4d,
        type: 3}
      propertyPath: m_Points.m_Paths.Array.data[0].Array.data[9].y
      value: 1.4615166
      objectReference: {fileID: 0}
    - target: {fileID: 4664608179390407357, guid: 9e345db47180f254f924aa2a9a605c4d,
        type: 3}
      propertyPath: m_Points.m_Paths.Array.data[0].Array.data[10].x
      value: -7.67553
      objectReference: {fileID: 0}
    - target: {fileID: 4664608179390407357, guid: 9e345db47180f254f924aa2a9a605c4d,
        type: 3}
      propertyPath: m_Points.m_Paths.Array.data[0].Array.data[10].y
      value: 0.52262425
      objectReference: {fileID: 0}
    - target: {fileID: 4664608179390407357, guid: 9e345db47180f254f924aa2a9a605c4d,
        type: 3}
      propertyPath: m_Points.m_Paths.Array.data[0].Array.data[0].x
      value: -4.638917
      objectReference: {fileID: 0}
    - target: {fileID: 4664608179390407357, guid: 9e345db47180f254f924aa2a9a605c4d,
        type: 3}
      propertyPath: m_Points.m_Paths.Array.data[0].Array.data[0].y
      value: 1.5407457
      objectReference: {fileID: 0}
    - target: {fileID: 4664608179390407357, guid: 9e345db47180f254f924aa2a9a605c4d,
        type: 3}
      propertyPath: m_Points.m_Paths.Array.data[0].Array.data[1].x
      value: -5.711152
      objectReference: {fileID: 0}
    - target: {fileID: 4664608179390407357, guid: 9e345db47180f254f924aa2a9a605c4d,
        type: 3}
      propertyPath: m_Points.m_Paths.Array.data[0].Array.data[1].y
      value: 1.496192
      objectReference: {fileID: 0}
    - target: {fileID: 4664608179390407357, guid: 9e345db47180f254f924aa2a9a605c4d,
        type: 3}
      propertyPath: m_Points.m_Paths.Array.data[0].Array.data[11].x
      value: -7.7769403
      objectReference: {fileID: 0}
    - target: {fileID: 4664608179390407357, guid: 9e345db47180f254f924aa2a9a605c4d,
        type: 3}
      propertyPath: m_Points.m_Paths.Array.data[0].Array.data[11].y
      value: 0.20738858
      objectReference: {fileID: 0}
    - target: {fileID: 4664608179390407357, guid: 9e345db47180f254f924aa2a9a605c4d,
        type: 3}
      propertyPath: m_Points.m_Paths.Array.data[0].Array.data[12].x
      value: -8.339332
      objectReference: {fileID: 0}
    - target: {fileID: 4664608179390407357, guid: 9e345db47180f254f924aa2a9a605c4d,
        type: 3}
      propertyPath: m_Points.m_Paths.Array.data[0].Array.data[12].y
      value: 0.006022513
      objectReference: {fileID: 0}
    - target: {fileID: 4664608179390407357, guid: 9e345db47180f254f924aa2a9a605c4d,
        type: 3}
      propertyPath: m_Points.m_Paths.Array.data[0].Array.data[13].x
      value: -9.0251465
      objectReference: {fileID: 0}
    - target: {fileID: 4664608179390407357, guid: 9e345db47180f254f924aa2a9a605c4d,
        type: 3}
      propertyPath: m_Points.m_Paths.Array.data[0].Array.data[13].y
      value: -0.89639986
      objectReference: {fileID: 0}
    m_RemovedComponents: []
  m_SourcePrefab: {fileID: 100100000, guid: 9e345db47180f254f924aa2a9a605c4d, type: 3}
--- !u!43 &1974185295
Mesh:
  m_ObjectHideFlags: 0
  m_CorrespondingSourceObject: {fileID: 0}
  m_PrefabInstance: {fileID: 0}
  m_PrefabAsset: {fileID: 0}
  m_Name: 
  serializedVersion: 10
  m_SubMeshes:
  - serializedVersion: 2
    firstByte: 0
    indexCount: 15
    topology: 0
    baseVertex: 0
    firstVertex: 0
    vertexCount: 7
    localAABB:
      m_Center: {x: -4.48082, y: -0.9957429, z: 0}
      m_Extent: {x: 1.6883125, y: 0.88499284, z: 0}
  m_Shapes:
    vertices: []
    shapes: []
    channels: []
    fullWeights: []
  m_BindPose: []
  m_BoneNameHashes: 
  m_RootBoneNameHash: 0
  m_BonesAABB: []
  m_VariableBoneCountWeights:
    m_Data: 
  m_MeshCompression: 0
  m_IsReadable: 1
  m_KeepVertices: 1
  m_KeepIndices: 1
  m_IndexFormat: 0
  m_IndexBuffer: 010005000400040002000100010006000500040003000200010000000600
  m_VertexData:
    serializedVersion: 3
    m_VertexCount: 7
    m_Channels:
    - stream: 0
      offset: 0
      format: 0
      dimension: 3
    - stream: 0
      offset: 0
      format: 0
      dimension: 0
    - stream: 0
      offset: 0
      format: 0
      dimension: 0
    - stream: 0
      offset: 0
      format: 0
      dimension: 0
    - stream: 0
      offset: 12
      format: 0
      dimension: 2
    - stream: 0
      offset: 0
      format: 0
      dimension: 0
    - stream: 0
      offset: 0
      format: 0
      dimension: 0
    - stream: 0
      offset: 0
      format: 0
      dimension: 0
    - stream: 0
      offset: 0
      format: 0
      dimension: 0
    - stream: 0
      offset: 0
      format: 0
      dimension: 0
    - stream: 0
      offset: 0
      format: 0
      dimension: 0
    - stream: 0
      offset: 0
      format: 0
      dimension: 0
    - stream: 0
      offset: 0
      format: 0
      dimension: 0
    - stream: 0
      offset: 0
      format: 0
      dimension: 0
    m_DataSize: 140
    _typelessdata: 8f7593c0c0dbf9bd000000008f7593c0c0dbf9bd8969c5c0d6ad48bf000000008969c5c0d6ad48bfd5e8a8c0eed29ebf00000000d5e8a8c0eed29ebf419996c06d79e1bf00000000419996c06d79e1bf22e365c0f3bbf0bf0000000022e365c0f3bbf0bf18ec57c07f9aa3bf0000000018ec57c07f9aa3bf72b832c0f8d0e2bd0000000072b832c0f8d0e2bd
  m_CompressedMesh:
    m_Vertices:
      m_NumItems: 0
      m_Range: 0
      m_Start: 0
      m_Data: 
      m_BitSize: 0
    m_UV:
      m_NumItems: 0
      m_Range: 0
      m_Start: 0
      m_Data: 
      m_BitSize: 0
    m_Normals:
      m_NumItems: 0
      m_Range: 0
      m_Start: 0
      m_Data: 
      m_BitSize: 0
    m_Tangents:
      m_NumItems: 0
      m_Range: 0
      m_Start: 0
      m_Data: 
      m_BitSize: 0
    m_Weights:
      m_NumItems: 0
      m_Data: 
      m_BitSize: 0
    m_NormalSigns:
      m_NumItems: 0
      m_Data: 
      m_BitSize: 0
    m_TangentSigns:
      m_NumItems: 0
      m_Data: 
      m_BitSize: 0
    m_FloatColors:
      m_NumItems: 0
      m_Range: 0
      m_Start: 0
      m_Data: 
      m_BitSize: 0
    m_BoneIndices:
      m_NumItems: 0
      m_Data: 
      m_BitSize: 0
    m_Triangles:
      m_NumItems: 0
      m_Data: 
      m_BitSize: 0
    m_UVInfo: 0
  m_LocalAABB:
    m_Center: {x: -4.48082, y: -0.9957429, z: 0}
    m_Extent: {x: 1.6883125, y: 0.88499284, z: 0}
  m_MeshUsageFlags: 0
  m_BakedConvexCollisionMesh: 
  m_BakedTriangleCollisionMesh: 
  m_MeshMetrics[0]: 1
  m_MeshMetrics[1]: 1
  m_MeshOptimizationFlags: 1
  m_StreamData:
    offset: 0
    size: 0
    path: 
--- !u!43 &2015040838
Mesh:
  m_ObjectHideFlags: 0
  m_CorrespondingSourceObject: {fileID: 0}
  m_PrefabInstance: {fileID: 0}
  m_PrefabAsset: {fileID: 0}
  m_Name: 
  serializedVersion: 10
  m_SubMeshes:
  - serializedVersion: 2
    firstByte: 0
    indexCount: 12
    topology: 0
    baseVertex: 0
    firstVertex: 0
    vertexCount: 6
    localAABB:
      m_Center: {x: -5.16132, y: 0.5709944, z: 0}
      m_Extent: {x: 1.2023358, y: 0.96975136, z: 0}
  m_Shapes:
    vertices: []
    shapes: []
    channels: []
    fullWeights: []
  m_BindPose: []
  m_BoneNameHashes: 
  m_RootBoneNameHash: 0
  m_BonesAABB: []
  m_VariableBoneCountWeights:
    m_Data: 
  m_MeshCompression: 0
  m_IsReadable: 1
  m_KeepVertices: 1
  m_KeepIndices: 1
  m_IndexFormat: 0
  m_IndexBuffer: 030001000500050004000300030002000100010000000500
  m_VertexData:
    serializedVersion: 3
    m_VertexCount: 6
    m_Channels:
    - stream: 0
      offset: 0
      format: 0
      dimension: 3
    - stream: 0
      offset: 0
      format: 0
      dimension: 0
    - stream: 0
      offset: 0
      format: 0
      dimension: 0
    - stream: 0
      offset: 0
      format: 0
      dimension: 0
    - stream: 0
      offset: 12
      format: 0
      dimension: 2
    - stream: 0
      offset: 0
      format: 0
      dimension: 0
    - stream: 0
      offset: 0
      format: 0
      dimension: 0
    - stream: 0
      offset: 0
      format: 0
      dimension: 0
    - stream: 0
      offset: 0
      format: 0
      dimension: 0
    - stream: 0
      offset: 0
      format: 0
      dimension: 0
    - stream: 0
      offset: 0
      format: 0
      dimension: 0
    - stream: 0
      offset: 0
      format: 0
      dimension: 0
    - stream: 0
      offset: 0
      format: 0
      dimension: 0
    - stream: 0
      offset: 0
      format: 0
      dimension: 0
    m_DataSize: 120
    _typelessdata: 027294c02837c53f00000000027294c02837c53fc2c1b6c03883bf3f00000000c2c1b6c03883bf3f12a3cbc0d0589b3f0000000012a3cbc0d0589b3fb2c6bec0e029ccbe00000000b2c6bec0e029ccbeaa0292c0005f4c3d00000000aa0292c0005f4c3d00607dc0a4531b3f0000000000607dc0a4531b3f
  m_CompressedMesh:
    m_Vertices:
      m_NumItems: 0
      m_Range: 0
      m_Start: 0
      m_Data: 
      m_BitSize: 0
    m_UV:
      m_NumItems: 0
      m_Range: 0
      m_Start: 0
      m_Data: 
      m_BitSize: 0
    m_Normals:
      m_NumItems: 0
      m_Range: 0
      m_Start: 0
      m_Data: 
      m_BitSize: 0
    m_Tangents:
      m_NumItems: 0
      m_Range: 0
      m_Start: 0
      m_Data: 
      m_BitSize: 0
    m_Weights:
      m_NumItems: 0
      m_Data: 
      m_BitSize: 0
    m_NormalSigns:
      m_NumItems: 0
      m_Data: 
      m_BitSize: 0
    m_TangentSigns:
      m_NumItems: 0
      m_Data: 
      m_BitSize: 0
    m_FloatColors:
      m_NumItems: 0
      m_Range: 0
      m_Start: 0
      m_Data: 
      m_BitSize: 0
    m_BoneIndices:
      m_NumItems: 0
      m_Data: 
      m_BitSize: 0
    m_Triangles:
      m_NumItems: 0
      m_Data: 
      m_BitSize: 0
    m_UVInfo: 0
  m_LocalAABB:
    m_Center: {x: -5.16132, y: 0.5709944, z: 0}
    m_Extent: {x: 1.2023358, y: 0.96975136, z: 0}
  m_MeshUsageFlags: 0
  m_BakedConvexCollisionMesh: 
  m_BakedTriangleCollisionMesh: 
  m_MeshMetrics[0]: 1
  m_MeshMetrics[1]: 1
  m_MeshOptimizationFlags: 1
  m_StreamData:
    offset: 0
    size: 0
    path: 
